@article{TEST,
  title={TEST},
  author={TEST},
  journal={TEST},
  volume={106},
  number={5},
  pages={1154--1161},
  year={2006},
  publisher={Wiley Online Library}
}

%%%%%%%%%%%%%%%%% supplemental / additional files urls %%%%%%%%%%%%%%%%%
%
@misc{ch3additional,
  title={Additional files Chapter 3},
  howpublished = {\url{www.biomedcentral.com/1755-8794/4/66/additional}}
}

@misc{ch4additional,
  title={Supplemental files Chapter 4},
  howpublished = {\url{clincancerres.aacrjournals.org/content/17/8/2110/suppl/DC1}}
}

@misc{ch7additional,
  title={Supporting information Chapter 7},
  howpublished = {\url{onlinelibrary.wiley.com/doi/10.1002/gcc.21956/suppinfo}}
}


%%%%%%%%%%%%%%%%%%%%%%%% A %%%%%%%%%%%%%%%%%%%%%%%%
%
@article{adzhubei2010method,
  title={A method and server for predicting damaging missense mutations},
  author={Adzhubei, Ivan A and Schmidt, Steffen and Peshkin, Leonid and Ramensky, Vasily E and Gerasimova, Anna and Bork, Peer and Kondrashov, Alexey S and Sunyaev, Shamil R},
  journal={Nature Methods},
  volume={7},
  number={4},
  pages={248--249},
  year={2010},
  publisher={Nature Publishing Group}
}

@article{aguilera2008genome,
  title={Genome instability: a mechanistic view of its causes and consequences},
  author={Aguilera, Andr{\'e}s and G{\'o}mez-Gonz{\'a}lez, Bel{\'e}n},
  journal={Nature Reviews Genetics},
  volume={9},
  number={3},
  pages={204--217},
  year={2008},
  publisher={Nature Publishing Group}
}

@article{alexa2006improved,
  title={Improved scoring of functional groups from gene expression data by decorrelating GO graph structure},
  author={Alexa, Adrian and Rahnenf{\"u}hrer, J{\"o}rg and Lengauer, Thomas},
  journal={Bioinformatics},
  volume={22},
  number={13},
  pages={1600--1607},
  year={2006},
  publisher={Oxford Univ Press}
}

@article{alison2002minichromosome,
  title={Minichromosome maintenance (MCM) proteins may be pre-cancer markers},
  author={Alison, M R and Hunt, T and Forbes, S J},
  journal={Gut},
  volume={50},
  number={3},
  pages={290--291},
  year={2002},
  publisher={BMJ Publishing Group Ltd and British Society of Gastroenterology}
}

@article{allison2012meta,
  title={A meta-analysis of osteosarcoma outcomes in the modern medical era},
  author={Allison, Daniel C and Carney, Scott C and Ahlmann, Elke R and Hendifar, Andrew and Chawla, Sant and Fedenko, Alex and Angeles, Constance and Menendez, Lawrence R},
  journal={Sarcoma},
  volume={2012},
  year={2012},
  pages={704872},
  publisher={Hindawi Publishing Corporation}
}

@article{allison2006microarray,
  title={Microarray data analysis: from disarray to consolidation and consensus},
  author={Allison, David B and Cui, Xiangqin and Page, Grier P and Sabripour, Mahyar},
  journal={Nature Reviews Genetics},
  volume={7},
  number={1},
  pages={55--65},
  year={2006},
  publisher={Nature Publishing Group}
}

@article{ambroise2002selection,
  title={Selection bias in gene extraction on the basis of microarray gene-expression data},
  author={Ambroise, Christophe and McLachlan, Geoffrey J},
  journal={Proceedings of the National Academy of Sciences},
  volume={99},
  number={10},
  pages={6562--6566},
  year={2002},
  publisher={National Acad Sciences}
}

@article{anninga2011chemotherapeutic,
  title={Chemotherapeutic adjuvant treatment for osteosarcoma: where do we stand?},
  author={Anninga, Jakob K and Gelderblom, Hans and Fiocco, Marta and Kroep, Judith R and Taminiau, Antoni H M and Hogendoorn, Pancras C W and Egeler, R Maarten},
  journal={European Journal of Cancer},
  volume={47},
  number={16},
  pages={2431--2445},
  year={2011},
  publisher={Elsevier}
}

@article{arora2011relationship,
  title={Relationship between height at diagnosis and bone tumours in young people: a meta-analysis},
  author={Arora, Ramandeep S and Kontopantelis, Evangelos and Alston, Robert D and Eden, Tim O and Geraci, Marco and Birch, Jillian M},
  journal={Cancer Causes and Control},
  volume={22},
  number={5},
  pages={681--688},
  year={2011},
  publisher={Springer}
}

@article{ashburner2000gene,
  title={Gene Ontology: tool for the unification of biology},
  author={Ashburner, Michael and Ball, Catherine A and Blake, Judith A and Botstein, David and Butler, Heather and Cherry, J Michael and Davis, Allan P and Dolinski, Kara and Dwight, Selina S and Eppig, Janan T and others},
  journal={Nature Genetics},
  volume={25},
  number={1},
  pages={25},
  year={2000},
  publisher={NIH Public Access}
}

@article{atiye2005gene,
  title={Gene amplifications in osteosarcoma-CGH microarray analysis},
  author={Atiye, Jassu and Wolf, Maija and Kaur, Sippy and Monni, Outi and B{\"o}hling, Tom and Kivioja, Aarne and Tas, {\'E}va and Serra, Massimo and Tarkkanen, Maija and Knuutila, Sakari},
  journal={Genes, Chromosomes and Cancer},
  volume={42},
  number={2},
  pages={158--163},
  year={2005},
  publisher={Wiley Online Library}
}

@article{attiyeh2009genomic,
  title={Genomic copy number determination in cancer cells from single nucleotide polymorphism microarrays based on quantitative genotyping corrected for aneuploidy},
  author={Attiyeh, Edward F and Diskin, Sharon J and Attiyeh, Marc A and Moss{\'e}, Ya{\"e}l P and Hou, Cuiping and Jackson, Eric M and Kim, Cecilia and Glessner, Joseph and Hakonarson, Hakon and Biegel, Jaclyn A and others},
  journal={Genome Research},
  volume={19},
  number={2},
  pages={276--283},
  year={2009},
  publisher={Cold Spring Harbor Lab}
}

@article{aylon2006positive,
  title={A positive feedback loop between the p53 and Lats2 tumor suppressors prevents tetraploidization},
  author={Aylon, Yael and Michael, Dan and Shmueli, Ayelet and Yabuta, Norikazu and Nojima, Hiroshi and Oren, Moshe},
  journal={Genes \& Development},
  volume={20},
  number={19},
  pages={2687--2700},
  year={2006},
  publisher={Cold Spring Harbor Lab}
}

@article{aylon2009silencing,
  title={Silencing of the Lats2 tumor suppressor overrides a p53-dependent oncogenic stress checkpoint and enables mutant H-Ras-driven cell transformation},
  author={Aylon, Yael and Yabuta, Norikazu and Besserglick, Hila and Buganim, Yossi and Rotter, Varda and Nojima, Hiroshi and Oren, Moshe},
  journal={Oncogene},
  volume={28},
  number={50},
  pages={4469--4479},
  year={2009},
  publisher={Nature Publishing Group}
}

%%%%%%%%%%%%%%%%%%%%%%%% B %%%%%%%%%%%%%%%%%%%%%%%%
%
@article{bacci1998predictive,
  title={Predictive factors of histologic response to primary chemotherapy in osteosarcoma of the extremity: study of 272 patients preoperatively treated with high-dose methotrexate, doxorubicin, and cisplatin},
  author={Bacci, G and Ferrari, S and Delepine, N and Bertoni, F and Picci, P and Mercuri, M and Bacchini, P and del Prever, A Brach and Tienghi, A and Comandone, A and others},
  journal={Journal of Clinical Oncology},
  volume={16},
  number={2},
  pages={658--663},
  year={1998},
  publisher={American Society of Clinical Oncology}
}

@article{bacci2006prognostic,
  title={Prognostic factors for osteosarcoma of the extremity treated with neoadjuvant chemotherapy},
  author={Bacci, Gaetano and Longhi, Alessandra and Versari, Michela and Mercuri, Mario and Briccoli, Antonio and Picci, Piero},
  journal={Cancer},
  volume={106},
  number={5},
  pages={1154--1161},
  year={2006},
  publisher={Wiley Online Library}
}

@article{bacolod2009emerging,
  title={Emerging paradigms in cancer genetics: some important findings from high-density single nucleotide polymorphism array studies},
  author={Bacolod, Manny D and Schemmann, Gunter S and Giardina, Sarah F and Paty, Philip and Notterman, Daniel A and Barany, Francis},
  journal={Cancer Research},
  volume={69},
  number={3},
  pages={723--727},
  year={2009},
  publisher={AACR}
}

@article{bagatell2011pharmacokinetically,
  title={Pharmacokinetically guided phase 1 trial of the IGF-1 receptor antagonist RG1507 in children with recurrent or refractory solid tumors},
  author={Bagatell, Rochelle and Herzog, Cynthia E and Trippett, Tanya M and Grippo, Joseph F and Cirrincione-Dall, Georgina and Fox, Elizabeth and Macy, M and Bish, Jennifer and Whitcomb, Patricia and Aikin, A and others},
  journal={Clinical Cancer Research},
  volume={17},
  number={3},
  pages={611--619},
  year={2011},
  publisher={AACR}
}

@article{barbosa2010re,
  title={A re-annotation pipeline for Illumina BeadArrays: improving the interpretation of gene expression data},
  author={Barbosa-Morais, Nuno L and Dunning, Mark J and Samarajiwa, Shamith A and Darot, Jeremy F J and Ritchie, Matthew E and Lynch, Andy G and Tavar{\'e}, Simon},
  journal={Nucleic Acids Research},
  volume={38},
  number={3},
  pages={e17},
  year={2010},
  publisher={Oxford Univ Press}
}

@article{baumhoer2012microrna,
  title={MicroRNA profiling with correlation to gene expression revealed the oncogenic miR-17-92 cluster to be up-regulated in osteosarcoma},
  author={Baumhoer, Daniel and Zillmer, Stephanie and Unger, Kristian and Rosemann, Michael and Atkinson, Michael J and Irmler, Martin and Beckers, Johannes and Siggelkow, Heide and von Luettichau, Irene and Jundt, Gernot and others},
  journal={Cancer Genetics},
  volume={205},
  number={5},
  pages={212--219},
  year={2012},
  publisher={Elsevier}
}

@article{benini2006insulin,
  title={Insulin-like growth factor binding protein 3 as an anticancer molecule in Ewing's sarcoma},
  author={Benini, Stefania and Zuntini, Monia and Manara, Maria Cristina and Cohen, Pinchas and Nicoletti, Giordano and Nanni, Patrizia and Oh, Youngman and Picci, Piero and Scotlandi, Katia},
  journal={International Journal of Cancer},
  volume={119},
  number={5},
  pages={1039--1046},
  year={2006},
  publisher={Wiley Online Library}
}

@article{benjamini1995controlling,
  title={Controlling the false discovery rate: a practical and powerful approach to multiple testing},
  author={Benjamini, Yoav and Hochberg, Yosef},
  journal={Journal of the Royal Statistical Society},
  volume={57},
  number={1},
  pages={289--300},
  year={1995},
  publisher={JSTOR}
}

@article{benjamini2001control,
  title={The control of the false discovery rate in multiple testing under dependency},
  author={Benjamini, Yoav and Yekutieli, Daniel},
  journal={Annals of Statistics},
  volume={29},
  number={4},
  pages={1165--1188},
  year={2001},
  publisher={JSTOR}
}

@article{berger2011continuum,
  title={A continuum model for tumour suppression},
  author={Berger, Alice H and Knudson, Alfred G and Pandolfi, Pier Paolo},
  journal={Nature},
  volume={476},
  number={7359},
  pages={163--169},
  year={2011},
  publisher={Nature Publishing Group}
}

@article{bernardo2007human,
  title={Human mesenchymal stem cells derived from bone marrow display a better chondrogenic differentiation compared with other sources},
  author={Bernardo, M E and Emons, J A M and Karperien, M and Nauta, A J and Willemze, R and Roelofs, H and Romeo, S and Marchini, A and Rappold, G A and Vukicevic, S and others},
  journal={Connective Tissue Research},
  volume={48},
  number={3},
  pages={132--140},
  year={2007},
  publisher={Informa UK Ltd UK}
}

@article{beroukhim2007assessing,
  title={Assessing the significance of chromosomal aberrations in cancer: methodology and application to glioma},
  author={Beroukhim, Rameen and Getz, Gad and Nghiemphu, Leia and Barretina, Jordi and Hsueh, Teli and Linhart, David and Vivanco, Igor and Lee, Jeffrey C and Huang, Julie H and Alexander, Sethu and others},
  journal={Proceedings of the National Academy of Sciences},
  volume={104},
  number={50},
  pages={20007--20012},
  year={2007},
  publisher={National Acad Sciences}
}

@article{beroukhim2010landscape,
  title={The landscape of somatic copy-number alteration across human cancers},
  author={Beroukhim, Rameen and Mermel, Craig H and Porter, Dale and Wei, Guo and Raychaudhuri, Soumya and Donovan, Jerry and Barretina, Jordi and Boehm, Jesse S and Dobson, Jennifer and Urashima, Mitsuyoshi and others},
  journal={Nature},
  volume={463},
  number={7283},
  pages={899--905},
  year={2010},
  publisher={Nature Publishing Group}
}

@article{bicciato2009computational,
  title={A computational procedure to identify significant overlap of differentially expressed and genomic imbalanced regions in cancer datasets},
  author={Bicciato, Silvio and Spinelli, Roberta and Zampieri, Mattia and Mangano, Eleonora and Ferrari, Francesco and Beltrame, Luca and Cifola, Ingrid and Peano, Clelia and Solari, Aldo and Battaglia, Cristina},
  journal={Nucleic Acids Research},
  volume={37},
  number={15},
  pages={5057--5070},
  year={2009},
  publisher={Oxford Univ Press}
}

@article{bielack2002prognostic,
  title={Prognostic factors in high-grade osteosarcoma of the extremities or trunk: an analysis of 1,702 patients treated on neoadjuvant cooperative osteosarcoma study group protocols},
  author={Bielack, Stefan S and Kempf-Bielack, Beate and Delling, G{\"u}nter and Exner, G Ulrich and Flege, Silke and Helmke, Knut and Kotz, Rainer and Salzer-Kuntschik, Mechthild and Werner, Matthias and Winkelmann, Winfried and others},
  journal={Journal of Clinical Oncology},
  volume={20},
  number={3},
  pages={776--790},
  year={2002},
  publisher={American Society of Clinical Oncology}
}

@article{bolstad2003comparison,
  title={A comparison of normalization methods for high density oligonucleotide array data based on variance and bias},
  author={Bolstad, Benjamin M and Irizarry, Rafael A and {\AA}strand, Magnus and Speed, Terence P},
  journal={Bioinformatics},
  volume={19},
  number={2},
  pages={185--193},
  year={2003},
  publisher={Oxford Univ Press}
}

@article{borst2010predictive,
  title={Do predictive signatures really predict response to cancer chemotherapy?},
  author={Borst, Piet and Wessels, Lodewyk},
  journal={Cell Cycle},
  volume={9},
  number={24},
  pages={4836--4840},
  year={2010},
  publisher={Landes Bioscience}
}

@incollection{bovee2003skeletogenesis,
  author={Hogendoorn, Pancras C W and Bov{\'e}e, Judith V M G and Karperien, Marcel and Cleton-Jansen, Anne-Marie},
  title={Skeletogenesis: genetics},
  editor={Cooper, David N},
  booktitle={Nature encyclopedia of the human genome},
  publisher={Nature Publishing Group},
  year={2003},
  pages={306--313},
}

@article{bruheim2004human,
  title={Human osteosarcoma xenografts and their sensitivity to chemotherapy},
  author={Bruheim, Skjalg and Bruland, Oyvind S and Breistol, Knut and Maelandsmo, Gunhild M and Fodstad, {\O}ystein},
  journal={Pathology \& Oncology Research},
  volume={10},
  number={3},
  pages={133--141},
  year={2004},
  publisher={Springer}
}

@article{bruheim2009gene,
  title={Gene expression profiles classify human osteosarcoma xenografts according to sensitivity to doxorubicin, cisplatin, and ifosfamide},
  author={Bruheim, Skjalg and Xi, Yaguang and Ju, Jingfang and Fodstad, Oystein},
  journal={Clinical Cancer Research},
  volume={15},
  number={23},
  pages={7161--7169},
  year={2009},
  publisher={AACR}
}

@article{buck2010compensatory,
  title={Compensatory insulin receptor (IR) activation on inhibition of insulin-like growth factor-1 receptor (IGF-1R): rationale for cotargeting IGF-1R and IR in cancer},
  author={Buck, Elizabeth and Gokhale, Prafulla C and Koujak, Susan and Brown, Eric and Eyzaguirre, Alexandra and Tao, Nianjun and Lerner, Lorena and Chiu, M Isabel and Wild, Robert and Epstein, David and others},
  journal={Molecular Cancer Therapeutics},
  volume={9},
  number={10},
  pages={2652--2664},
  year={2010},
  publisher={AACR}
}

@article{buddingh2010prognostic,
  title={Prognostic factors in pulmonary metastasized high-grade osteosarcoma},
  author={Buddingh, Emilie P and Anninga, Jakob K and Versteegh, Michel I M and Taminiau, Antonie H M and Egeler, R Maarten and van Rijswijk, Catherina S P and Hogendoorn, Pancras C W and Lankester, Arjan C and Gelderblom, Hans},
  journal={Pediatric Blood \& Cancer},
  volume={54},
  number={2},
  pages={216--221},
  year={2010},
  publisher={Wiley Online Library}
}

@article{buddingh2011tumor,
  title={Tumor-infiltrating macrophages are associated with metastasis suppression in high-grade osteosarcoma: a rationale for treatment with macrophage activating agents},
   author={Buddingh, Emilie P and Kuijjer, Marieke L and Duim, Ronald A J and B{\"u}rger, Horst and Agelopoulos, Konstantin and Myklebost, Ola and Serra, Massimo and Mertens, Fredrik and Hogendoorn, Pancras C W and Lankester, Arjan C and others},
  journal={Clinical Cancer Research},
  volume={17},
  number={8},
  pages={2110--2119},
  year={2011},
  publisher={AACR}
}

@article{buhtoiarov2006macrophages,
  title={Macrophages are essential for antitumour effects against weakly immunogenic murine tumours induced by class B CpG-oligodeoxynucleotides},
  author={Buhtoiarov, Ilia N and Sondel, Paul M and Eickhoff, Jens C and Rakhmilevich, Alexander L},
  journal={Immunology},
  volume={120},
  number={3},
  pages={412--423},
  year={2006},
  publisher={Wiley Online Library}
}

%%%%%%%%%%%%%%%%%%%%%%%% C %%%%%%%%%%%%%%%%%%%%%%%%
%
@article{cai2010inactive,
  title={Inactive Wnt/$\beta$-catenin pathway in conventional high-grade osteosarcoma},
  author={Cai, Yongping and Mohseny, Alexander B and Karperien, Marcel and Hogendoorn, Pancras C W and Zhou, Gengyin and Cleton-Jansen, Anne-Marie},
  journal={The Journal of Pathology},
  volume={220},
  number={1},
  pages={24--33},
  year={2010},
  publisher={Wiley Online Library}
}

@article{cairns2008bash,
  title={BASH: a tool for managing BeadArray spatial artefacts},
  author={Cairns, J M and Dunning, M J and Ritchie, M E and Russell, R and Lynch, A G},
  journal={Bioinformatics},
  volume={24},
  number={24},
  pages={2921--2922},
  year={2008},
  publisher={Oxford Univ Press}
}

@article{calvert2012risk,
  title={At-risk populations for osteosarcoma: the syndromes and beyond},
  author={Calvert, George T and Randall, R Lor and Jones, Kevin B and Cannon-Albright, Lisa and Lessnick, Stephen and Schiffman, Joshua D},
  journal={Sarcoma},
  volume={2012},
  pages={152382},
  year={2012},
  publisher={Hindawi Publishing Corporation}
}

@article{canton2005pleckstrin,
  title={The pleckstrin homology domain-containing protein CKIP-1 is involved in regulation of cell morphology and the actin cytoskeleton and interaction with actin capping protein},
  author={Canton, David A and Olsten, Mary Ellen K and Kim, Kyoungtae and Doherty-Kirby, Amanda and Lajoie, Gilles and Cooper, John A and Litchfield, David W},
  journal={Molecular and Cellular Biology},
  volume={25},
  number={9},
  pages={3519--3534},
  year={2005},
  publisher={Am Soc Microbiol}
}

@article{carter2006signature,
  title={A signature of chromosomal instability inferred from gene expression profiles predicts clinical outcome in multiple human cancers},
  author={Carter, Scott L and Eklund, Aron C and Kohane, Isaac S and Harris, Lyndsay N and Szallasi, Zoltan},
  journal={Nature Genetics},
  volume={38},
  number={9},
  pages={1043--1048},
  year={2006},
  publisher={Nature Publishing Group}
}

@article{chan2002autophosphorylation,
  title={Autophosphorylation of the DNA-dependent protein kinase catalytic subunit is required for rejoining of DNA double-strand breaks},
  author={Chan, Doug W and Chen, Benjamin Ping-Chi and Prithivirajsingh, Sheela and Kurimasa, Akihiro and Story, Michael D and Qin, Jun and Chen, David J},
  journal={Genes \& Development},
  volume={16},
  number={18},
  pages={2333--2338},
  year={2002},
  publisher={Cold Spring Harbor Lab}
}

@article{chawla2012phase,
  title={Phase II study of the mammalian target of rapamycin inhibitor ridaforolimus in patients with advanced bone and soft tissue sarcomas},
  author={Chawla, Sant P and Staddon, Arthur P and Baker, Laurence H and Schuetze, Scott M and Tolcher, Anthony W and D'Amato, Gina Z and Blay, Jean-Yves and Mita, Monica M and Sankhala, Kamalesh K and Berk, Lori and others},
  journal={Journal of Clinical Oncology},
  volume={30},
  number={1},
  pages={78--84},
  year={2012},
  publisher={American Society of Clinical Oncology}
}

@article{chen2011insulin,
  title={Insulin-like growth factor--binding protein-7 functions as a potential tumor suppressor in hepatocellular carcinoma},
  author={Chen, Dong and Yoo, Byoung Kwon and Santhekadur, Prasanna Kumar and Gredler, Rachel and Bhutia, Sujit K and Das, Swadesh K and Fuller, Christine and Su, Zao-zhong and Fisher, Paul B and Sarkar, Devanand},
  journal={Clinical Cancer Research},
  volume={17},
  number={21},
  pages={6693--6701},
  year={2011},
  publisher={AACR}
}

@article{chevillard2011nfe2l3,
  title={Nfe2l3 (Nrf3) deficiency predisposes mice to T-cell lymphoblastic lymphoma},
  author={Chevillard, Gr{\'e}gory and Paquet, Marilene and Blank, Volker},
  journal={Blood},
  volume={117},
  number={6},
  pages={2005--2008},
  year={2011},
  publisher={American Society of Hematology}
}

@article{chibon2010validated,
  title={Validated prediction of clinical outcome in sarcomas and multiple types of cancer on the basis of a gene expression signature related to genome complexity},
  author={Chibon, Fr{\'e}d{\'e}ric and Lagarde, Pauline and Salas, S{\'e}bastien and P{\'e}rot, Ga{\"e}lle and Brouste, V{\'e}ronique and Tirode, Franck and Lucchesi, Carlo and de Reynies, Aur{\'e}lien and Kauffmann, Audrey and Bui, Binh and others},
  journal={Nature Medicine},
  volume={16},
  number={7},
  pages={781--787},
  year={2010},
  publisher={Nature Publishing Group}
}

@article{cleton2005central,
  title={Central high-grade osteosarcoma of bone: diagnostic and genetic considerations},
  author={Cleton-Jansen, Anne-Marie and Buerger, Horst and Hogendoorn, Pancras C W},
  journal={Current Diagnostic Pathology},
  volume={11},
  number={6},
  pages={390--399},
  year={2005},
  publisher={Elsevier}
}

@article{cleton2009profiling,
  title={Profiling of high-grade central osteosarcoma and its putative progenitor cells identifies tumourigenic pathways},
  author={Cleton-Jansen, A M and Anninga, J K and Briaire-de Bruijn, I H and Romeo, S and Oosting, J and Egeler, R M and Gelderblom, H and Taminiau, A H M and Hogendoorn, P C W},
  journal={British Journal of Cancer},
  volume={101},
  number={11},
  pages={1909--1918},
  year={2009},
  publisher={Nature Publishing Group}
}

@article{cleton2012immunotherapy,
  title={Immunotherapy: is it different for sarcomas?},
  author={Cleton-Jansen, Anne-Marie and Buddingh, Emilie P and Lankester, Arjan C},
  journal={Oncoimmunology},
  volume={1},
  number={2},
  pages={255--257},
  year={2012}
}

@article{conover2008insulin,
  title={Insulin-like growth factor-binding proteins and bone metabolism},
  author={Conover, Cheryl A},
  journal={American Journal of Physiology-Endocrinology and Metabolism},
  volume={294},
  number={1},
  pages={E10--E14},
  year={2008},
  publisher={Am Physiological Soc}
}

@article{corver2008genome,
  title={Genome-wide allelic state analysis on flow-sorted tumor fractions provides an accurate measure of chromosomal aberrations},
  author={Corver, Willem E and Middeldorp, Anneke and ter Haar, Natalja T and Jordanova, Ekaterina S and van Puijenbroek, Marjo and van Eijk, Ronald and Cornelisse, Cees J and Fleuren, Gert Jan and Morreau, Hans and Oosting, Jan and others},
  journal={Cancer Research},
  volume={68},
  number={24},
  pages={10333--10340},
  year={2008},
  publisher={AACR}
}

%%%%%%%%%%%%%%%%%%%%%%%% D %%%%%%%%%%%%%%%%%%%%%%%%
%
@article{deshpande2006phc3,
  title={PHC3, a component of the hPRC-H complex, associates with E2F6 during G0 and is lost in osteosarcoma tumors},
  author={Deshpande, Amit M and Akunowicz, Jennifer D and Reveles, Xavier T and Patel, Bina B and Saria, Elizabeth A and Gorlick, Richard G and Naylor, Susan L and Leach, Robin J and Hansen, Marc F},
  journal={Oncogene},
  volume={26},
  number={12},
  pages={1714--1722},
  year={2007},
  publisher={Nature Publishing Group}
}

@misc{desai2010phase,
  title={Phase I dose-escalation study of daily BMS-754807, an oral, dual IGF-1R/insulin receptor (IR) inhibitor in subjects with solid tumors},
  author={Desai, J and Solomon, BJ and Davis, I D and Lipton, L R and Hicks, R and Scott, A M and Park, J and Clemens, P L and Gestone, T A and Finckenstein, F G},
  howpublished = {ASCO Annual Meeting 2010},
  note = {Abstract 3104}
  year={2010}
}

@article{diaz2007genesrf,
  title={GeneSrF and varSelRF: a web-based tool and R package for gene selection and classification using random forest},
  author={Diaz-Uriarte, Ram{\'o}n},
  journal={BMC Bioinformatics},
  volume={8},
  number={1},
  pages={328},
  year={2007},
  publisher={BioMed Central Ltd}
}

@misc{dimitriadou2008misc,
  title={Misc functions of the Department of Statistics (e1071), TU Wien},
  author={Dimitriadou, Evgenia and Hornik, Kurt and Leisch, Friedrich and Meyer, David and Weingessel, Andreas},
  howpublished = {CRAN R-project. Available from: \url{cran.r-project.org/web/packages/e1071/index.html}},
  publisher = {R Foundation for Statistical Computing},
  note = {Verified: 04/06/2009},
  year={2008}
}

@article{ding2012clonal,
  title={Clonal evolution in relapsed acute myeloid leukaemia revealed by whole-genome sequencing},
  author={Ding, Li and Ley, Timothy J and Larson, David E and Miller, Christopher A and Koboldt, Daniel C and Welch, John S and Ritchey, Julie K and Young, Margaret A and Lamprecht, Tamara and McLellan, Michael D and others},
  journal={Nature},
  volume={481},
  number={7382},
  pages={506--510},
  year={2012},
  publisher={Nature Publishing Group}
}

@article{du2007nuid,
  title={nuID: a universal naming scheme of oligonucleotides for illumina, affymetrix, and other microarrays},
  author={Du, Pan and Kibbe, Warren A and Lin, Simon M},
  journal={Biology Direct},
  volume={2},
  pages={16},
  year={2007}
}

@article{du2008lumi,
  title={lumi: a pipeline for processing Illumina microarray},
  author={Du, Pan and Kibbe, Warren A and Lin, Simon M},
  journal={Bioinformatics},
  volume={24},
  number={13},
  pages={1547--1548},
  year={2008},
  publisher={Oxford Univ Press}
}

@misc{du2010evaluation,
  title={Evaluation of VST algorithm in lumi package},
  author={Du, Pan and Lin, Simon and Huber, Wolfgang and Kibbe, Warrren A},
  howpublished = {Bioconductor. Available from: \url{www.bioconductor.org/packages/2.2/bioc/html/lumi.html}},
  year={2010},
  note = {Accessed: 02/10/2013}
}

@article{dunning2007beadarray,
  title={beadarray: R classes and methods for Illumina bead-based data},
  author={Dunning, Mark J and Smith, Mike L and Ritchie, Matthew E and Tavar{\'e}, Simon},
  journal={Bioinformatics},
  volume={23},
  number={16},
  pages={2183--2184},
  year={2007},
  publisher={Oxford Univ Press}
}

@article{dunning2008spike,
  title={Spike-in validation of an Illumina-specific variance-stabilizing transformation},
  author={Dunning, Mark J and Ritchie, Matthew E and Barbosa-Morais, Nuno L and Tavar{\'e}, Simon and Lynch, Andy G},
  journal={BMC Research Notes},
  volume={1},
  number={1},
  pages={18},
  year={2008},
  publisher={BioMed Central Ltd}
}

@article{dunning2008statistical,
  title={Statistical issues in the analysis of Illumina data},
  author={Dunning, Mark J and Barbosa-Morais, Nuno L and Lynch, Andy G and Tavar{\'e}, Simon and Ritchie, Matthew E},
  journal={BMC Bioinformatics},
  volume={9},
  number={1},
  pages={85},
  year={2008},
  publisher={BioMed Central Ltd}
}

@article{dupuy2007critical,
  title={Critical review of published microarray studies for cancer outcome and guidelines on statistical analysis and reporting},
  author={Dupuy, Alain and Simon, Richard M},
  journal={Journal of the National Cancer Institute},
  volume={99},
  number={2},
  pages={147--157},
  year={2007},
  publisher={Oxford University Press}
}

@article{durbin2002variance,
  title={A variance-stabilizing transformation for gene-expression microarray data},
  author={Durbin, Blythe P and Hardin, Johanna S and Hawkins, Douglas M and Rocke, David M},
  journal={Bioinformatics},
  volume={18},
  number={suppl 1},
  pages={S105--S110},
  year={2002},
  publisher={Oxford Univ Press}
}

%%%%%%%%%%%%%%%%%%%%%%%% E %%%%%%%%%%%%%%%%%%%%%%%%
%
@article{edgar2002gene,
  title={Gene Expression Omnibus: NCBI gene expression and hybridization array data repository},
  author={Edgar, Ron and Domrachev, Michael and Lash, Alex E},
  journal={Nucleic Acids Research},
  volume={30},
  number={1},
  pages={207--210},
  year={2002},
  publisher={Oxford Univ Press}
}

@article{engelman2006evolution,
  title={The evolution of phosphatidylinositol 3-kinases as regulators of growth and metabolism},
  author={Engelman, Jeffrey A and Luo, Ji and Cantley, Lewis C},
  journal={Nature Reviews Genetics},
  volume={7},
  number={8},
  pages={606--619},
  year={2006},
  publisher={Nature Publishing Group}
}

@article{eselgrim2006dose,
  title={Dose intensity of chemotherapy for osteosarcoma and outcome in the Cooperative Osteosarcoma Study Group (COSS) trials},
  author={Eselgrim, Merle and Grunert, Henrike and K{\"u}hne, Thomas and Zoubek, Andreas and Kevric, Matthias and B{\"u}rger, Horst and J{\"u}rgens, Herbert and Mayer-Steinacker, Regine and Gosheger, Georg and Bielack, Stefan S},
  journal={Pediatric Blood \& Cancer},
  volume={47},
  number={1},
  pages={42--50},
  year={2006},
  publisher={Wiley Online Library}
}

%%%%%%%%%%%%%%%%%%%%%%%% F %%%%%%%%%%%%%%%%%%%%%%%%
%
@article{fearon1990genetic,
  title={A genetic model for colorectal tumorigenesis},
  author={Fearon, Eric R and Vogelstein, Bert},
  journal={Cell},
  volume={61},
  number={5},
  pages={759--767},
  year={1990},
  publisher={Elsevier Science}
}

@article{fischer2001kub3,
  title={KUB3 amplification and overexpression in human gliomas},
  author={Fischer, U and Hemmer, D and Heckel, D and Michel, A and Feiden, W and Steudel, W I and Hulsebos, T and Meese, E},
  journal={Glia},
  volume={36},
  number={1},
  pages={1--10},
  year={2001},
  publisher={Wiley Online Library}
}

@article{fletcher1994cytogenetic,
  title={Cytogenetic aberrations in osteosarcomas: nonrandom deletions, rings, and double-minute chromosomes},
  author={Fletcher, Jonathan A and Gebhardt, Mark C and Kozakewich, Harry P},
  journal={Cancer Genetics and Cytogenetics},
  volume={77},
  number={1},
  pages={81--88},
  year={1994},
  publisher={Elsevier}
}

@article{forment2012chromothripsis,
  title={Chromothripsis and cancer: causes and consequences of chromosome shattering},
  author={Forment, Josep V and Kaidi, Abderrahmane and Jackson, Stephen P},
  journal={Nature Reviews Cancer},
  volume={12},
  number={10},
  pages={663--670},
  year={2012},
  publisher={Nature Publishing Group}
}

@article{forssell2007high,
  title={High macrophage infiltration along the tumor front correlates with improved survival in colon cancer},
  author={Forssell, Johan and {\"O}berg, {\AA}ke and Henriksson, Maria L and Stenling, Roger and Jung, Andreas and Palmqvist, Richard},
  journal={Clinical Cancer Research},
  volume={13},
  number={5},
  pages={1472--1479},
  year={2007},
  publisher={AACR}
}

@article{foulstone2005insulin,
  title={Insulin-like growth factor ligands, receptors, and binding proteins in cancer},
  author={Foulstone, E and Prince, S and Zaccheo, O and Burns, J L and Harper, J and Jacobs, C and Church, D and Hassan, A B},
  journal={The Journal of Pathology},
  volume={205},
  number={2},
  pages={145--153},
  year={2005},
  publisher={Wiley Online Library}
}

@article{fousteri2008transcription,
  title={Transcription-coupled nucleotide excision repair in mammalian cells: molecular mechanisms and biological effects},
  author={Fousteri, Maria and Mullenders, Leon H F},
  journal={Cell Research},
  volume={18},
  number={1},
  pages={73--84},
  year={2008},
  publisher={Nature Publishing Group}
}

@article{freeman1999minichromosome,
  title={Minichromosome maintenance proteins as biological markers of dysplasia and malignancy},
  author={Freeman, Alex and Morris, Lesley S and Mills, Anthony D and Stoeber, Kai and Laskey, Ronald A and Williams, Gareth H and Coleman, Nicholas},
  journal={Clinical Cancer Research},
  volume={5},
  number={8},
  pages={2121--2132},
  year={1999},
  publisher={AACR}
}

@article{fulzele2007disruption,
  title={Disruption of the insulin-like growth factor type 1 receptor in osteoblasts enhances insulin signaling and action},
  author={Fulzele, Keertik and DiGirolamo, Douglas J and Liu, Zhongyu and Xu, Jie and Messina, Joseph L and Clemens, Thomas L},
  journal={Journal of Biological Chemistry},
  volume={282},
  number={35},
  pages={25649--25658},
  year={2007},
  publisher={ASBMB}
}

%%%%%%%%%%%%%%%%%%%%%%%% G %%%%%%%%%%%%%%%%%%%%%%%%
%
@article{ganem2007limiting,
  title={Limiting the proliferation of polyploid cells},
  author={Ganem, Neil J and Pellman, David},
  journal={Cell},
  volume={131},
  number={3},
  pages={437--440},
  year={2007},
  publisher={Elsevier}
}

@article{ganem2007tetraploidy,
  title={Tetraploidy, aneuploidy and cancer},
  author={Ganem, Neil J and Storchova, Zuzana and Pellman, David},
  journal={Current Opinion in Genetics \& Development},
  volume={17},
  number={2},
  pages={157--162},
  year={2007},
  publisher={Elsevier}
}

@article{gardina2008ploidy,
  title={Ploidy status and copy number aberrations in primary glioblastomas defined by integrated analysis of allelic ratios, signal ratios and loss of heterozygosity using 500K SNP Mapping Arrays},
  author={Gardina, Paul J and Lo, Ken C and Lee, Walter and Cowell, John K and Turpaz, Yaron},
  journal={BMC Genomics},
  volume={9},
  number={1},
  pages={489},
  year={2008},
  publisher={BioMed Central Ltd}
}

@article{garofalo2011efficacy,
  title={Efficacy of and resistance to anti-IGF-1R therapies in Ewing's sarcoma is dependent on insulin receptor signaling},
  author={Garofalo, C and Manara, M C and Nicoletti, G and Marino, M T and Lollini, P L and Astolfi, A and Pandini, G and Lopez-Guerrero, J A and Schaefer, K L and Belfiore, A and others},
  journal={Oncogene},
  volume={30},
  number={24},
  pages={2730--2740},
  year={2011},
  publisher={Nature Publishing Group}
}

@article{gautier2004affy,
  title={affy---analysis of Affymetrix GeneChip data at the probe level},
  author={Gautier, Laurent and Cope, Leslie and Bolstad, Benjamin M and Irizarry, Rafael A},
  journal={Bioinformatics},
  volume={20},
  number={3},
  pages={307--315},
  year={2004},
  publisher={Oxford Univ Press}
}

@misc{gcwaviness,
  title={Copy number algorithm with built-in GC waviness correction in Genotyping Console software},
  author={Affymetrix},
  howpublished = {Available from: \url{www.affymetrix.com}}
}

@article{geddes2009unleashing,
  title={Unleashing the therapeutic potential of NOD-like receptors},
  author={Geddes, Kaoru and Magalh{\~a}es, Jo{\~a}o G and Girardin, Stephen E},
  journal={Nature Reviews Drug Discovery},
  volume={8},
  number={6},
  pages={465--479},
  year={2009},
  publisher={Nature Publishing Group}
}

@misc{genotypingconsole,
  title={Affymetrix Genotyping Console 4.0 user manual},
  author={Affymetrix}
}

@article{gentleman2004bioconductor,
  title={Bioconductor: open software development for computational biology and bioinformatics},
  author={Gentleman, Robert C and Carey, Vincent J and Bates, Douglas M and Bolstad, Ben and Dettling, Marcel and Dudoit, Sandrine and Ellis, Byron and Gautier, Laurent and Ge, Yongchao and Gentry, Jeff and others},
  journal={Genome Biology},
  volume={5},
  number={10},
  pages={R80},
  year={2004},
  publisher={BioMed Central Ltd}
}

@article{gibbs2003international,
  title={The international HapMap project},
  author={Gibbs, Richard A and Belmont, John W and Hardenbol, Paul and Willis, Thomas D and Yu, Fuli and Yang, Huanming and Ch'ang, Lan-Yang and Huang, Wei and Liu, Bin and Shen, Yan and others},
  journal={Nature},
  volume={426},
  number={6968},
  pages={789--796},
  year={2003},
  publisher={Nature Publishing Group}
}

@article{ghezzi2011mutations,
  title={Mutations in TTC19 cause mitochondrial complex III deficiency and neurological impairment in humans and flies},
  author={Ghezzi, Daniele and Arzuffi, Paola and Zordan, Mauro and Da Re, Caterina and Lamperti, Costanza and Benna, Clara and D'Adamo, Pio and Diodato, Daria and Costa, Rodolfo and Mariotti, Caterina and others},
  journal={Nature Genetics},
  volume={43},
  number={3},
  pages={259--263},
  year={2011},
  publisher={Nature Publishing Group}
}

@article{goeman2004global,
  title={A global test for groups of genes: testing association with a clinical outcome},
  author={Goeman, Jelle J and van de Geer, Sara A and de Kort, Floor and van Houwelingen, Hans C},
  journal={Bioinformatics},
  volume={20},
  number={1},
  pages={93--99},
  year={2004},
  publisher={Oxford Univ Press}
}

@article{goeman2005testing,
  title={Testing association of a pathway with survival using gene expression data},
  author={Goeman, Jelle J and Oosting, Jan and Cleton-Jansen, Anne-Marie and Anninga, Jakob K and van Houwelingen, Hans C},
  journal={Bioinformatics},
  volume={21},
  number={9},
  pages={1950--1957},
  year={2005},
  publisher={Oxford Univ Press}
}

@article{goeman2007analyzing,
  title={Analyzing gene expression data in terms of gene sets: methodological issues},
  author={Goeman, Jelle J and B{\"u}hlmann, Peter},
  journal={Bioinformatics},
  volume={23},
  number={8},
  pages={980--987},
  year={2007},
  publisher={Oxford Univ Press}
}

@article{goeman2008multiple,
  title={Multiple testing on the directed acyclic graph of gene ontology},
  author={Goeman, Jelle J and Mansmann, Ulrich},
  journal={Bioinformatics},
  volume={24},
  number={4},
  pages={537--544},
  year={2008},
  publisher={Oxford Univ Press}
}

@article{gorlick2012testing,
  title={Testing of the Akt/PKB inhibitor MK-2206 by the pediatric preclinical testing program},
  author={Gorlick, Richard and Maris, John M and Houghton, Peter J and Lock, Richard and Carol, Hernan and Kurmasheva, Raushan T and Kolb, E Anders and Keir, Stephen T and Reynolds, C Patrick and Kang, Min H and others},
  journal={Pediatric Blood \& Cancer},
  volume={59},
  number={3},
  pages={518--524},
  year={2012},
  publisher={Wiley Online Library}
}

@article{greshock2007cancer,
  title={Cancer cell lines as genetic models of their parent histology: analyses based on array comparative genomic hybridization},
  author={Greshock, Joel and Nathanson, Katherine and Martin, Anne-Marie and Zhang, Lin and Coukos, George and Weber, Barbara L and Zaks, Tal Z},
  journal={Cancer Research},
  volume={67},
  number={8},
  pages={3594--3600},
  year={2007},
  publisher={AACR}
}

@article{grimberg2000role,
  title={Role of insulin-like growth factors and their binding proteins in growth control and carcinogenesis},
  author={Grimberg, Adda and Cohen, Pinchas},
  journal={Journal of Cellular Physiology},
  volume={183},
  number={1},
  pages={1--9},
  year={2000},
  publisher={Wiley Online Library}
}

@article{guertin2007defining,
  title={Defining the role of mTOR in cancer},
  author={Guertin, David A and Sabatini, David M},
  journal={Cancer Cell},
  volume={12},
  number={1},
  pages={9--22},
  year={2007},
  publisher={Elsevier}
}

%%%%%%%%%%%%%%%%%%%%%%%% H %%%%%%%%%%%%%%%%%%%%%%%%
%
@article{ha2012integrative,
  title={Integrative analysis of genome-wide loss of heterozygosity and monoallelic expression at 
nucleotide resolution reveals disrupted pathways in triple-negative breast cancer},
  author={Ha, Gavin and Roth, Andrew and Lai, Daniel and Bashashati, Ali and Ding, Jiarui and 
Goya, Rodrigo and Giuliany, Ryan and Rosner, Jamie and Oloumi, Arusha and Shumansky, Karey and 
others},
  journal={Genome research},
  volume={22},
  number={10},
  pages={1995--2007},
  year={2012},
  publisher={Cold Spring Harbor Lab}
}

@article{hagemann2006ovarian,
  title={Ovarian cancer cells polarize macrophages toward a tumor-associated phenotype},
  author={Hagemann, Thorsten and Wilson, Julia and Burke, Frances and Kulbe, Hagen and Li, Ninfeng Fiona and Pl{\"u}ddemann, Annette and Charles, Kellie and Gordon, Siamon and Balkwill, Frances R},
  journal={The Journal of Immunology},
  volume={176},
  number={8},
  pages={5023--5032},
  year={2006},
  publisher={Am Assoc Immnol}
}

@article{hagemann2008re,
  title={`Re-educating' tumor-associated macrophages by targeting NF-$\kappa$B},
  author={Hagemann, Thorsten and Lawrence, Toby and McNeish, Iain and Charles, Kellie A and Kulbe, Hagen and Thompson, Richard G and Robinson, Stephen C and Balkwill, Frances R},
  journal={The Journal of Experimental Medicine},
  volume={205},
  number={6},
  pages={1261},
  year={2008},
  publisher={The Rockefeller University Press}
}

@article{hallor2009genomic,
  title={Genomic profiling of chondrosarcoma: chromosomal patterns in central and peripheral tumors},
  author={Hallor, Karolin H and Staaf, Johan and Bov{\'e}e, Judith V M G and Hogendoorn, Pancras C W and Cleton-Jansen, Anne-Marie and Knuutila, Sakari and Savola, Suvi and Niini, Tarja and Brosj{\"o}, Otte and Bauer, Henrik C F and others},
  journal={Clinical Cancer Research},
  volume={15},
  number={8},
  pages={2685--2694},
  year={2009},
  publisher={AACR}
}

@article{hanahan2000hallmarks,
  title={The hallmarks of cancer},
  author={Hanahan, Douglas and Weinberg, Robert A},
  journal={Cell},
  volume={100},
  number={1},
  pages={57--70},
  year={2000}
}

@article{hanahan2011hallmarks,
  title={Hallmarks of cancer: the next generation},
  author={Hanahan, Douglas and Weinberg, Robert A},
  journal={Cell},
  volume={144},
  number={5},
  pages={646--674},
  year={2011},
  publisher={Elsevier}
}

@article{harris2011both,
  title={Both gene amplification and allelic loss occur at 14q13.3 in lung cancer},
  author={Harris, Thomas and Pan, Qiulu and Sironi, Juan and Lutz, Dionne and Tian, Jianmin and Sapkar, Jana and Perez-Soler, Roman and Keller, Steven and Locker, Joseph},
  journal={Clinical Cancer Research},
  volume={17},
  number={4},
  pages={690--699},
  year={2011},
  publisher={AACR}
}

@article{hattinger2010emerging,
  title={Emerging drugs for high-grade osteosarcoma},
  author={Hattinger, Claudia Maria and Pasello, Michela and Ferrari, Stefano and Picci, Piero and Serra, Massimo},
  journal={Expert Opinion on Emerging Drugs},
  volume={15},
  number={4},
  pages={615--634},
  year={2010},
  publisher={Informa UK, Ltd. London}
}

@article{hauben2002does,
  title={Does the histological subtype of high-grade central osteosarcoma influence the response to treatment with chemotherapy and does it affect overall survival? A study on 570 patients of two consecutive trials of the European Osteosarcoma Intergroup},
  author={Hauben, E I and Weeden, S and Pringle, J and van Marck, E A and Hogendoorn, P C W},
  journal={European Journal of Cancer},
  volume={38},
  number={9},
  pages={1218},
  year={2002}
}

@article{hauben2006clinico,
  title={Clinico-histologic parameters of osteosarcoma patients with late relapse},
  author={Hauben, E I and Bielack, S and Grimer, R and Jundt, G and Reichardt, P and Sydes, M and Taminiau, A H M and Hogendoorn, P C W},
  journal={European Journal of Cancer},
  volume={42},
  number={4},
  pages={460--466},
  year={2006},
  publisher={Elsevier}
}

@article{heinrichs2010snp,
  title={SNP array analysis in hematologic malignancies: avoiding false discoveries},
  author={Heinrichs, Stefan and Li, Cheng and Look, A Thomas},
  journal={Blood},
  volume={115},
  number={21},
  pages={4157--4161},
  year={2010},
  publisher={American Society of Hematology}
}

@article{heinsohn2007determination,
  title={Determination of the prognostic value of loss of heterozygosity at the retinoblastoma gene in osteosarcoma},
  author={Heinsohn, Susanne and Evermann, Ulrike and Stadt, U Zur and Bielack, Stefan and Kabisch, Hartmut},
  journal={International Journal of Oncology},
  volume={30},
  number={5},
  pages={1205--1214},
  year={2007},
  publisher={Athens, Greece: Lychnia,[1992-}
}

@article{helman2003mechanisms,
  title={Mechanisms of sarcoma development},
  author={Helman, Lee J and Meltzer, Paul},
  journal={Nature Reviews Cancer},
  volume={3},
  number={9},
  pages={685--694},
  year={2003},
  publisher={Nature Publishing Group}
}

@incollection{hilhorst2013peptide,
  title={Peptide microarrays for profiling of Serine/Threonine kinase activity of recombinant kinases and lysates of cells and tissue samples},
  author={Hilhorst, Riet and Houkes, Liesbeth and Mommersteeg, Monique and Musch, Joyce and van den Berg, Adri{\"e}nne and Ruijtenbeek, Rob},
  booktitle={Gene regulation: methods and protocols, methods in molecular biology},
  editor={Bina, M},
  pages={259--271},
  year={2013},
  publisher={Springer}
}

@article{hornbeck2004phosphosite,
  title={PhosphoSite: a bioinformatics resource dedicated to physiological protein phosphorylation},
  author={Hornbeck, Peter V and Chabra, Indy and Kornhauser, Jon M and Skrzypek, Elzbieta and Zhang, Bin},
  journal={Proteomics},
  volume={4},
  number={6},
  pages={1551--1561},
  year={2004},
  publisher={Wiley Online Library}
}

@article{houghton2010initial,
  title={Initial testing of a monoclonal antibody (IMC-A12) against IGF-1R by the pediatric preclinical testing program},
  author={Houghton, Peter J and Morton, Christopher L and Gorlick, Richard and Kolb, E Anders and Keir, Stephen T and Reynolds, C Patrick and Kang, Min H and Maris, John M and Wu, Jianrong and Smith, Malcolm A},
  journal={Pediatric Blood \& Cancer},
  volume={54},
  number={7},
  pages={921--926},
  year={2010},
  publisher={Wiley Online Library}
}

@article{huber2002variance,
  title={Variance stabilization applied to microarray data calibration and to the quantification of differential expression},
  author={Huber, Wolfgang and Von Heydebreck, Anja and S{\"u}ltmann, Holger and Poustka, Annemarie and Vingron, Martin},
  journal={Bioinformatics},
  volume={18},
  number={suppl 1},
  pages={S96--S104},
  year={2002},
  publisher={Oxford Univ Press}
}

@article{hutchison2010scf,
  title={SCF, BDNF, and Gas6 are regulators of growth plate chondrocyte proliferation and differentiation},
  author={Hutchison, Michele R and Bassett, Mary H and White, Perrin C},
  journal={Molecular Endocrinology},
  volume={24},
  number={1},
  pages={193--203},
  year={2010},
  publisher={Endocrine Soc}
}

@book{huvos1991bone,
  title={Bone tumors: diagnosis, treatment and prognosis},
  author={Huvos, Andrew G},
  year={1991},
  publisher={WB Saunders Company}
}

%%%%%%%%%%%%%%%%%%%%%%%% I %%%%%%%%%%%%%%%%%%%%%%%%
%
%%%%%%%%%%%%%%%%%%%%%%%% J %%%%%%%%%%%%%%%%%%%%%%%%
%
@article{jaiswal2010macrophages,
  title={Macrophages as mediators of tumor immunosurveillance},
  author={Jaiswal, Siddhartha and Chao, Mark P and Majeti, Ravindra and Weissman, Irving L},
  journal={Trends in Immunology},
  volume={31},
  number={6},
  pages={212--219},
  year={2010},
  publisher={Elsevier}
}

@article{jensen2009macrophage,
  title={Macrophage markers in serum and tumor have prognostic impact in American Joint Committee on Cancer stage I/II melanoma},
  author={Jensen, Trine O and Schmidt, Henrik and M{\o}ller, Holger Jon and H{\o}yer, Morten and Maniecki, Maciej Bogdan and Sjoegren, Pia and Christensen, Ib Jarle and Steiniche, Torben},
  journal={Journal of Clinical Oncology},
  volume={27},
  number={20},
  pages={3330--3337},
  year={2009},
  publisher={American Society of Clinical Oncology}
}

@article{johnson2003determination,
  title={Determination of a minimal region of loss of heterozygosity on chromosome 18q21.33 in osteosarcoma},
  author={Johnson-Pais, Teresa L and Nellissery, Maggie J and Ammerman, Donald G and Pathmanathan, Dharmini and Bhatia, Pardeep and Buller, Carolyn L and Leach, Robin J and Hansen, Marc F},
  journal={International Journal of Cancer},
  volume={105},
  number={2},
  pages={285--288},
  year={2003},
  publisher={Wiley Online Library}
}

@article{jones2012mirna,
  title={miRNA signatures associate with pathogenesis and progression of osteosarcoma},
  author={Jones, Kevin B and Salah, Zaidoun and Del Mare, Sara and Galasso, Marco and Gaudio, Eugenio and Nuovo, Gerard J and Lovat, Francesca and LeBlanc, Kimberly and Palatini, Jeff and Randall, R Lor and others},
  journal={Cancer Research},
  volume={72},
  number={7},
  pages={1865--1877},
  year={2012},
  publisher={AACR}
}

@article{jones2011osteosarcomagenesis,
  title={Osteosarcomagenesis: modeling cancer initiation in the mouse},
  author={Jones, Kevin B},
  journal={Sarcoma},
  volume={2011},
  pages={694136},
  year={2011},
  publisher={Hindawi Publishing Corporation}
}

@article{juergens2011preliminary,
  title={Preliminary efficacy of the anti-insulin-like growth factor type 1 receptor antibody figitumumab in patients with refractory Ewing sarcoma},
  author={Juergens, Heribert and Daw, Najat C and Geoerger, Birgit and Ferrari, Stefano and Villarroel, Milena and Aerts, Isabelle and Whelan, Jeremy and Dirksen, Uta and Hixon, Mary L and Yin, Donghua and others},
  journal={Journal of Clinical Oncology},
  volume={29},
  number={34},
  pages={4534--4540},
  year={2011},
  publisher={American Society of Clinical Oncology}
}

%%%%%%%%%%%%%%%%%%%%%%%% K %%%%%%%%%%%%%%%%%%%%%%%%
%
@article{kager2010review,
  title={Review of mifamurtide in the treatment of patients with osteosarcoma},
  author={Kager, Leo and P{\"o}tschger, Ulrike and Bielack, Stefan},
  journal={Therapeutics and Clinical Risk Management},
  volume={6},
  pages={279--286},
  year={2010},
  publisher={Dove Press}
}

@article{kanehisa2000kegg,
  title={KEGG: kyoto encyclopedia of genes and genomes},
  author={Kanehisa, M and Goto, S},
  journal={Nucleic Acids Research},
  volume={28},
  number={1},
  pages={27--30},
  year={2000},
  publisher={Oxford Univ Press}
}

@article{kansara2009wnt,
  title={Wnt inhibitory factor 1 is epigenetically silenced in human osteosarcoma, and targeted disruption accelerates osteosarcomagenesis in mice},
  author={Kansara, Maya and Tsang, Michael and Kodjabachian, Laurent and Sims, Natalie A and Trivett, Melanie K and Ehrich, Mathias and Dobrovic, Alexander and Slavin, John and Choong, Peter F M and Simmons, Paul J and others},
  journal={The Journal of Clinical Investigation},
  volume={119},
  number={4},
  pages={837--851},
  year={2009},
  publisher={American Society for Clinical Investigation}
}

@article{kauffmann2009arrayqualitymetrics,
  title={arrayQualityMetrics---a bioconductor package for quality assessment of microarray data},
  author={Kauffmann, Audrey and Gentleman, Robert and Huber, Wolfgang},
  journal={Bioinformatics},
  volume={25},
  number={3},
  pages={415--416},
  year={2009},
  publisher={Oxford Univ Press}
}

@article{kauffmann2010microarray,
  title={Microarray data quality control improves the detection of differentially expressed genes},
  author={Kauffmann, Audrey and Huber, Wolfgang},
  journal={Genomics},
  volume={95},
  number={3},
  pages={138--142},
  year={2010}
}

@article{khandwala2000effects,
  title={The effects of insulin-like growth factors on tumorigenesis and neoplastic growth},
  author={Khandwala, Hasnain M and McCutcheon, Ian E and Flyvbjerg, Allan and Friend, Keith E},
  journal={Endocrine Reviews},
  volume={21},
  number={3},
  pages={215--244},
  year={2000},
  publisher={Endocrine Soc}
}

@article{kim2008high,
  title={High tumour islet macrophage infiltration correlates with improved patient survival but not with EGFR mutations, gene copy number or protein expression in resected non-small cell lung cancer},
  author={Kim, D W and Min, H S and Lee, K H and Kim, Y J and Oh, D Y and Jeon, Y K and Lee, S H and Im, S A and Chung, D H and Kim, Y T and others},
  journal={British Journal of Cancer},
  volume={98},
  number={6},
  pages={1118--1124},
  year={2008},
  publisher={Nature Publishing Group}
}

@article{kirpensteijn2008tp53,
  title={TP53 gene mutations in canine osteosarcoma},
  author={Kirpensteijn, Jolle and Kik, Marja and Teske, Erik and Rutteman, Gerard R},
  journal={Veterinary Surgery},
  volume={37},
  number={5},
  pages={454--460},
  year={2008},
  publisher={Wiley Online Library}
}

@article{kleinerman1992unique,
  title={Unique histological changes in lung metastases of osteosarcoma patients following therapy with liposomal muramyl tripeptide (CGP 19835A lipid)},
  author={Kleinerman, Eugenie S and Raymond, Austin K and Bucana, Corazon D and Jaffe, Norman and Harris, Michael B and Krakoff, Irwin H and Benjamin, Robert and Fidler, Isaiah J},
  journal={Cancer Immunology, Immunotherapy},
  volume={34},
  number={4},
  pages={211--220},
  year={1992},
  publisher={Springer}
}

@article{kleinfeld1966morphological,
  title={Morphological and kinetic aspects of mitotic arrest by and recovery from colcemid},
  author={Kleinfeld, Ruth G and Sisken, Jesse E},
  journal={The Journal of Cell Biology},
  volume={31},
  number={3},
  pages={369--379},
  year={1966},
  publisher={Rockefeller Univ Press}
}

@incollection{knudson2004human,
  author={Knudson, Alfred G},
  title={Human Cancer Genetics},
  editor={Keynes, Milo and Edwards, Anthony William Fairbank and Peel, Robert},
  booktitle={A century of Mendelism in human genetics},
  publisher={CRC Press},
  year={2004},
  pages={133--144}
}

@article{kolb2008initial,
  title={Initial testing (stage 1) of a monoclonal antibody (SCH 717454) against the IGF-1 receptor by the pediatric preclinical testing program},
  author={Kolb, E Anders and Gorlick, Richard and Houghton, Peter J and Morton, Christopher L and Lock, Richard and Carol, Hernan and Reynolds, C Patrick and Maris, John M and Keir, Stephen T and Billups, Catherine A and others},
  journal={Pediatric Blood \& Cancer},
  volume={50},
  number={6},
  pages={1190--1197},
  year={2008},
  publisher={Wiley Online Library}
}

@article{kolb2009development,
  title={Development of IGF-IR inhibitors in pediatric sarcomas},
  author={Kolb, E Anders and Gorlick, Richard},
  journal={Current Oncology Reports},
  volume={11},
  number={4},
  pages={307--313},
  year={2009},
  publisher={Springer}
}

@article{kolb2010r1507,
  title={R1507, a fully human monoclonal antibody targeting IGF-1R, is effective alone and in combination with rapamycin in inhibiting growth of osteosarcoma xenografts},
  author={Kolb, E Anders and Kamara, Davida and Zhang, Wendong and Lin, Juan and Hingorani, Pooja and Baker, Laurence and Houghton, Peter and Gorlick, Richard},
  journal={Pediatric Blood \& Cancer},
  volume={55},
  number={1},
  pages={67--75},
  year={2010},
  publisher={Wiley Online Library}
}

@article{kono2008dying,
  title={How dying cells alert the immune system to danger},
  author={Kono, Hajime and Rock, Kenneth L},
  journal={Nature Reviews Immunology},
  volume={8},
  number={4},
  pages={279--289},
  year={2008},
  publisher={Nature Publishing Group}
}

@article{kresse2009lsamp,
  title={LSAMP, a novel candidate tumor suppressor gene in human osteosarcomas, identified by array comparative genomic hybridization},
  author={Kresse, Stine H and Ohnstad, Hege O and Paulsen, Erik B and Bjerkehagen, Bodil and Szuhai, Karoly and Serra, Massimo and Schaefer, Karl-Ludwig and Myklebost, Ola and Meza-Zepeda, Leonardo A},
  journal={Genes, Chromosomes and Cancer},
  volume={48},
  number={8},
  pages={679--693},
  year={2009},
  publisher={Wiley Online Library}
}

@article{kresse2010evaluation,
  title={Evaluation of high-resolution microarray platforms for genomic profiling of bone tumours},
  author={Kresse, Stine H and Szuhai, Karoly and Barragan-Polania, Ana H and Rydbeck, Halfdan and Cleton-Jansen, Anne-Marie and Myklebost, Ola and Meza-Zepeda, Leonardo A},
  journal={BMC Research Notes},
  volume={3},
  number={1},
  pages={223},
  year={2010},
  publisher={BioMed Central Ltd}
}

@article{kresse2011preclinical,
  title={Preclinical xenograft models of human sarcoma show nonrandom loss of aberrations},
  author={Kresse, Stine H and Meza-Zepeda, Leonardo A and Machado, Isidro and Llombart-Bosch, Antonio and Myklebost, Ola},
  journal={Cancer},
  volume={118},
  number={2},
  pages={558--570},
  year={2012},
  publisher={Wiley Online Library}
}

@article{kresse2012integrative,
  title={Integrative analysis reveals relationships of genetic and epigenetic alterations in osteosarcoma},
  author={Kresse, Stine H and Rydbeck, Halfdan and Sk{\aa}rn, Magne and Naml{\o}s, Heidi M and Barragan-Polania, Ana H and Cleton-Jansen, Anne-Marie and Serra, Massimo and Liest{\o}l, Knut and Hogendoorn, Pancras C W and Hovig, Eivind and others},
  journal={PloS One},
  volume={7},
  number={11},
  pages={e48262},
  year={2012},
  publisher={Public Library of Science}
}

@article{kuijjer2011mrna,
  title={mRNA expression profiles of primary high-grade central osteosarcoma are preserved in cell lines and xenografts},
  author={Kuijjer, Marieke L and Naml{\o}s, Heidi M and Hauben, Esther I and Machado, Isidro and Kresse, Stine H and Serra, Massimo and Llombart-Bosch, Antonio and Hogendoorn, Pancras C W and Meza-Zepeda, Leonardo A and Myklebost, Ola and others},
  journal={BMC Medical Genomics},
  volume={4},
  number={1},
  pages={66},
  year={2011},
  publisher={BioMed Central Ltd}
}

@article{kuijjer2012identification,
  title={Identification of osteosarcoma driver genes by integrative analysis of copy number and gene expression data},
  author={Kuijjer, Marieke L and Rydbeck, Halfdan and Kresse, Stine H and Buddingh, Emilie P and Lid, Ana B and Roelofs, Helene and B{\"u}rger, Horst and Myklebost, Ola and Hogendoorn, Pancras C W and Meza-Zepeda, Leonardo A and others},
  journal={Genes, Chromosomes and Cancer},
  year={2012},
  volume={51},
  number={7},
  pages={696--706},
  publisher={Wiley Online Library}
}

@article{kurzman1995adjuvant,
  title={Adjuvant therapy for osteosarcoma in dogs: results of randomized clinical trials using combined liposome-encapsulated muramyl tripeptide and cisplatin},
  author={Kurzman, Ilene D and MacEwen, E Gregory and Rosenthal, Robert C and Fox, Leslie E and Keller, Evan T and Helfand, Stuart C and Vail, David M and Dubielzig, Richard R and Madewell, Bruce R and Rodriguez, C O},
  journal={Clinical Cancer Research},
  volume={1},
  number={12},
  pages={1595--1601},
  year={1995},
  publisher={AACR}
}

%%%%%%%%%%%%%%%%%%%%%%%% L %%%%%%%%%%%%%%%%%%%%%%%%
%
@article{lau2003frequent,
  title={Frequent amplification and rearrangement of chromosomal bands 6p12-p21 and 17p11.2 in osteosarcoma},
  author={Lau, Ching C and Harris, Charles P and Lu, Xin-Yan and Perlaky, Laszlo and Gogineni, Sheila and Chintagumpala, Murali and Hicks, John and Johnson, Mark E and Davino, Nelson A and Huvos, Andrew G and others},
  journal={Genes, Chromosomes and Cancer},
  volume={39},
  number={1},
  pages={11--21},
  year={2003},
  publisher={Wiley Online Library}
}

@article{lee1999cell,
  title={Cell-retained isoforms of vascular endothelial growth factor (VEGF) are correlated with poor prognosis in osteosarcoma},
  author={Lee, Y H and Tokunaga, T and Oshika, Y and Suto, R and Yanagisawa, K and Tomisawa, M and Fukuda, H and Nakano, H and Abe, S and Tateishi, A and others},
  journal={European Journal of Cancer},
  volume={35},
  number={7},
  pages={1089},
  year={1999}
}

@article{lee2008integrative,
  title={Integrative analysis reveals the direct and indirect interactions between DNA copy number aberrations and gene expression changes},
  author={Lee, Hyunju and Kong, Sek Won and Park, Peter J},
  journal={Bioinformatics},
  volume={24},
  number={7},
  pages={889--896},
  year={2008},
  publisher={Oxford Univ Press}
}

@article{lee2008prognostic,
  title={Prognostic significance of macrophage infiltration in leiomyosarcomas},
  author={Lee, Cheng-Han and Espinosa, Inigo and Vrijaldenhoven, Suzan and Subramanian, Subbaya and Montgomery, Kelli D and Zhu, Shirley and Marinelli, Robert J and Peterse, Johannes L and Poulin, Neal and Nielsen, Torsten O and others},
  journal={Clinical Cancer Research},
  volume={14},
  number={5},
  pages={1423--1430},
  year={2008},
  publisher={AACR}
}

@article{lewis2007improvement,
  title={Improvement in histologic response but not survival in osteosarcoma patients treated with intensified chemotherapy: a randomized phase III trial of the European Osteosarcoma Intergroup},
  author={Lewis, Ian J and Nooij, Marianne A and Whelan, Jeremy and Sydes, Matthew R and Grimer, Robert and Hogendoorn, Pancras C W and Memon, Muhammad A and Weeden, Simon and Uscinska, Barbara M and van Glabbeke, Martine and others},
  journal={Journal of the National Cancer Institute},
  volume={99},
  number={2},
  pages={112--128},
  year={2007},
  publisher={Oxford University Press}
}

@article{li2001model,
  title={Model-based analysis of oligonucleotide arrays: expression index computation and outlier detection},
  author={Li, Cheng and Wong, Wing Hung},
  journal={Proceedings of the National Academy of Sciences},
  volume={98},
  number={1},
  pages={31--36},
  year={2001},
  publisher={National Acad Sciences}
}

@article{liao2005rna,
  title={The RNA-binding protein IMP-3 is a translational activator of insulin-like growth factor II leader-3 mRNA during proliferation of human K562 leukemia cells},
  author={Liao, Baisong and Hu, Yan and Herrick, David J and Brewer, Gary},
  journal={Journal of Biological Chemistry},
  volume={280},
  number={18},
  pages={18517--18524},
  year={2005},
  publisher={ASBMB}
}

@article{lin2006macrophages,
  title={Macrophages regulate the angiogenic switch in a mouse model of breast cancer},
  author={Lin, Elaine Y and Li, Jiu-Feng and Gnatovskiy, Leoid and Deng, Yan and Zhu, Liyin and Grzesik, Dustin A and Qian, Hong and Xue, Xiao-nan and Pollard, Jeffrey W},
  journal={Cancer Research},
  volume={66},
  number={23},
  pages={11238--11246},
  year={2006},
  publisher={AACR}
}

@article{lin2008model,
  title={Model-based variance-stabilizing transformation for Illumina microarray data},
  author={Lin, Simon M and Du, Pan and Huber, Wolfgang and Kibbe, Warren A},
  journal={Nucleic Acids Research},
  volume={36},
  number={2},
  pages={e11},
  year={2008},
  publisher={Oxford Univ Press}
}

@article{lissbrant2000tumor,
  title={Tumor associated macrophages in human prostate cancer: relation to clinicopathological variables and survival},
  author={Lissbrant, I F and Stattin, P and Wikstrom, P and Damber, JE and Egevad, L and Bergh, A},
  journal={International Journal of Oncology},
  volume={17},
  number={3},
  pages={445--452},
  year={2000},
  publisher={Athens, Greece}
}

@article{liu1993mice,
  title={Mice carrying null mutations of the genes encoding insulin-like growth factor I (Igf-1) and type 1 IGF receptor (Igf1r)},
  author={Liu, Jeh-Ping and Baker, Julie and Perkins, Archlbald S and Robertson, Elizabeth J and Efstratiadis, Argiris},
  journal={Cell},
  volume={75},
  number={1},
  pages={59--72},
  year={1993},
  publisher={Elsevier}
}

@article{lockwood2011cyclin,
  title={Cyclin E1 is amplified and overexpressed in osteosarcoma},
  author={Lockwood, William W and Stack, Deirdre and Morris, Thomas and Grehan, David and O'Keane, Conor and Stewart, Greg L and Cumiskey, Joanna and Lam, Wan L and Squire, Jeremy A and Thomas, David M and others},
  journal={The Journal of Molecular Diagnostics},
  volume={13},
  number={3},
  pages={289--296},
  year={2011},
  publisher={Elsevier}
}

@article{louhimo2011cnamet,
  title={CNAmet: an R package for integrating copy number, methylation and expression data},
  author={Louhimo, Riku and Hautaniemi, Sampsa},
  journal={Bioinformatics},
  volume={27},
  number={6},
  pages={887--888},
  year={2011},
  publisher={Oxford Univ Press}
}

%%%%%%%%%%%%%%%%%%%%%%%% M %%%%%%%%%%%%%%%%%%%%%%%%
%
@article{ma2008dcun1d3,
  title={DCUN1D3, a novel UVC-responsive gene that is involved in cell cycle progression and cell growth},
  author={Ma, Teng and Shi, Taiping and Huang, Jing and Wu, Lina and Hu, Fanlei and He, PengFei and Deng, WeiWei and Gao, Peng and Zhang, Yingmei and Song, Quansheng and others},
  journal={Cancer Science},
  volume={99},
  number={11},
  pages={2128--2135},
  year={2008},
  publisher={Wiley Online Library}
}

@article{majid2010regulation,
  title={Regulation of minichromosome maintenance gene family by microRNA-1296 and genistein in prostate cancer},
  author={Majid, Shahana and Dar, Altaf A and Saini, Sharanjot and Chen, Yi and Shahryari, Varahram and Liu, Jan and Zaman, Mohd Saif and Hirata, Hiroshi and Yamamura, Soichiro and Ueno, Koji and others},
  journal={Cancer Research},
  volume={70},
  number={7},
  pages={2809--2818},
  year={2010},
  publisher={AACR}
}

@article{maki2010small,
  title={Small is beautiful: insulin-like growth factors and their role in growth, development, and cancer},
  author={Maki, Robert G},
  journal={Journal of Clinical Oncology},
  volume={28},
  number={33},
  pages={4985--4995},
  year={2010},
  publisher={American Society of Clinical Oncology}
}

@article{malinauskas2011modular,
  title={Modular mechanism of Wnt signaling inhibition by Wnt inhibitory factor 1},
  author={Malinauskas, Tomas and Aricescu, A Radu and Lu, Weixian and Siebold, Christian and Jones, E Yvonne},
  journal={Nature Structural \& Molecular Biology},
  volume={18},
  number={8},
  pages={886--893},
  year={2011},
  publisher={Nature Publishing Group}
}

@article{man2004genome,
  title={Genome-wide array comparative genomic hybridization analysis reveals distinct amplifications in osteosarcoma},
  author={Man, Tsz-Kwong and Lu, Xin-Yan and Jaeweon, Kim and Perlaky, Laszlo and Harris, Charles P and Shah, Shishir and Ladanyi, Marc and Gorlick, Richard and Lau, Ching C and Rao, Pulivarthi H},
  journal={BMC Cancer},
  volume={4},
  number={1},
  pages={45},
  year={2004},
  publisher={BioMed Central Ltd}
}

@article{man2005expression,
  title={Expression profiles of osteosarcoma that can predict response to chemotherapy},
  author={Man, Tsz-Kwong and Chintagumpala, Murali and Visvanathan, Jaya and Shen, Jianhe and Perlaky, Laszlo and Hicks, John and Johnson, Mark and Davino, Nelson and Murray, Jeffrey and Helman, Lee and others},
  journal={Cancer Research},
  volume={65},
  number={18},
  pages={8142--8150},
  year={2005},
  publisher={AACR}
}

@article{manning2007akt,
  title={AKT/PKB signaling: navigating downstream},
  author={Manning, Brendan D and Cantley, Lewis C},
  journal={Cell},
  volume={129},
  number={7},
  pages={1261--1274},
  year={2007},
  publisher={NIH Public Access}
}

@article{marina2009international,
  title={International collaboration is feasible in trials for rare conditions: the EURAMOS experience},
  author={Marina, N and Bielack, S and Whelan, J and Smeland, S and Krailo, M and Sydes, M R and Butterfass-Bahloul, T and Calaminus, G and Bernstein, M},
  journal={Cancer Treatment and Research},
  volume={152},
  pages={339--353},
  year={2009}
}

@article{martinez2006transcriptional,
  title={Transcriptional profiling of the human monocyte-to-macrophage differentiation and polarization: new molecules and patterns of gene expression},
  author={Martinez, Fernando O and Gordon, Siamon and Locati, Massimo and Mantovani, Alberto},
  journal={The Journal of Immunology},
  volume={177},
  number={10},
  pages={7303--7311},
  year={2006},
  publisher={Am Assoc Immnol}
}

@article{matushansky2007derivation,
  title={Derivation of sarcomas from mesenchymal stem cells via inactivation of the Wnt pathway},
  author={Matushansky, Igor and Hernando, Eva and Socci, Nicholas D and Mills, Joslyn E and Matos, Tulio A and Edgar, Mark A and Singer, Samuel and Maki, Robert G and Cordon-Cardo, Carlos and others},
  journal={Journal of Clinical Investigation},
  volume={117},
  number={11},
  pages={3248--3257},
  year={2007},
  publisher={Am Soc Clin Investig}
}

@article{mayordomo2010tissue,
  title={A tissue microarray study of osteosarcoma: histopathologic and immunohistochemical validation of xenotransplanted tumors as preclinical models},
  author={Mayordomo, Empar and Machado, Isidro and Giner, Francisco and Kresse, Stine H and Myklebost, Ola and Carda, Carmen and Navarro, Samuel and Llombart-Bosch, Antonio},
  journal={Applied Immunohistochemistry \& Molecular Morphology},
  volume={18},
  number={5},
  pages={453--461},
  year={2010},
  publisher={LWW}
}

@article{memmott2009akt,
  title={Akt-dependent and-independent mechanisms of mTOR regulation in cancer},
  author={Memmott, Regan M and Dennis, Phillip A},
  journal={Cellular Signalling},
  volume={21},
  number={5},
  pages={656--664},
  year={2009},
  publisher={Elsevier}
}

@article{mermel2011gistic2,
  title={GISTIC2.0 facilitates sensitive and confident localization of the targets of focal somatic copy-number alteration in human cancers},
  author={Mermel, Craig H and Schumacher, Steven E and Hill, Barbara and Meyerson, Matthew L and Beroukhim, Rameen and Getz, Gad and others},
  journal={Genome Biology},
  volume={12},
  number={4},
  pages={R41},
  year={2011}
}

@article{meyers2005osteosarcoma,
  title={Osteosarcoma: a randomized, prospective trial of the addition of ifosfamide and/or muramyl tripeptide to cisplatin, doxorubicin, and high-dose methotrexate},
  author={Meyers, Paul A and Schwartz, Cindy L and Krailo, Mark and Kleinerman, Eugenie S and Betcher, Donna and Bernstein, Mark L and Conrad, Ernest and Ferguson, William and Gebhardt, Mark and Goorin, Allen M and others},
  journal={Journal of Clinical Oncology},
  volume={23},
  number={9},
  pages={2004--2011},
  year={2005},
  publisher={American Society of Clinical Oncology}
}

@article{meyers2008osteosarcoma,
  title={Osteosarcoma: the addition of muramyl tripeptide to chemotherapy improves overall survival---a report from the Children's Oncology Group},
  author={Meyers, Paul A and Schwartz, Cindy L and Krailo, Mark D and Healey, John H and Bernstein, Mark L and Betcher, Donna and Ferguson, William S and Gebhardt, Mark C and Goorin, Allen M and Harris, Michael and others},
  journal={Journal of Clinical Oncology},
  volume={26},
  number={4},
  pages={633--638},
  year={2008},
  publisher={American Society of Clinical Oncology}
}

@article{mintz2005expression,
  title={An expression signature classifies chemotherapy-resistant pediatric osteosarcoma},
  author={Mintz, Michelle B and Sowers, Rebecca and Brown, Kevin M and Hilmer, Sara C and Mazza, BethAnne and Huvos, Andrew G and Meyers, Paul A and LaFleur, Bonnie and McDonough, Wendy S and Henry, Michael M and others},
  journal={Cancer Research},
  volume={65},
  number={5},
  pages={1748--1754},
  year={2005},
  publisher={AACR}
}

@article{mirabello2009osteosarcoma,
  title={Osteosarcoma incidence and survival rates from 1973 to 2004},
  author={Mirabello, Lisa and Troisi, Rebecca J and Savage, Sharon A},
  journal={Cancer},
  volume={115},
  number={7},
  pages={1531--1543},
  year={2009},
  publisher={Wiley Online Library}
}

@article{mirabello2011height,
  title={Height at diagnosis and birth-weight as risk factors for osteosarcoma},
  author={Mirabello, Lisa and Pfeiffer, Ruth and Murphy, Gwen and Daw, Najat C and Pati{\~n}o-Garcia, Ana and Troisi, Rebecca J and Hoover, Robert N and Douglass, Chester and Sch{\"u}z, Joachim and Craft, Alan W and others},
  journal={Cancer Causes and Control},
  volume={22},
  number={6},
  pages={899--908},
  year={2011},
  publisher={Springer}
}

@misc{mohseny2008bone,
  title = {Bone: conventional osteosarcoma},
  author = {Mohseny, A B},
  howpublished = {\url{AtlasGeneticsOncology.org/Tumors/ConvOsteoID5344.html}},
  note = {Accessed: 09/30/2010}
}

@article{mohseny2009osteosarcoma,
  title={Osteosarcoma originates from mesenchymal stem cells in consequence of aneuploidization and genomic loss of Cdkn2},
  author={Mohseny, Alexander B and Szuhai, Karoly and Romeo, Salvatore and Buddingh, Emilie P and Briaire-de Bruijn, Inge H and de Jong, Dani{\"e}lle and van Pel, Melissa and Cleton-Jansen, Anne-Marie and Hogendoorn, Pancras C W},
  journal={The Journal of Pathology},
  volume={219},
  number={3},
  pages={294--305},
  year={2009},
  publisher={Wiley Online Library}
}

@article{mohseny2010small,
  title={Small deletions but not methylation underlie CDKN2A/p16 loss of expression in conventional osteosarcoma},
  author={Mohseny, Alexander B and Tieken, Chris and van der Velden, Pieter A and Szuhai, Karoly and de Andrea, Carlos and Hogendoorn, Pancras C W and Cleton-Jansen, Anne-Marie},
  journal={Genes, Chromosomes and Cancer},
  volume={49},
  number={12},
  pages={1095--1103},
  year={2010},
  publisher={Wiley Online Library}
}

@article{mohseny2011concise,
  title={Concise review: mesenchymal tumors: when stem cells go mad},
  author={Mohseny, Alexander B and Hogendoorn, Pancras C W},
  journal={Stem Cells},
  volume={29},
  number={3},
  pages={397--403},
  year={2011},
  publisher={Wiley Online Library}
}

@article{mohseny2011functional,
  title={Functional characterization of osteosarcoma cell lines provides representative models to study the human disease},
  author={Mohseny, Alexander B and Machado, Isidro and Cai, Yongping and Schaefer, Karl-Ludwig and Serra, Massimo and Hogendoorn, Pancras C W and Llombart-Bosch, Antonio and Cleton-Jansen, Anne-Marie},
  journal={Laboratory Investigation},
  volume={91},
  number={8},
  pages={1195--1205},
  year={2011},
  publisher={Nature Publishing Group}
}

@article{mohseny2012activities,
  title={The activities of Smad and Gli mediated signalling pathways in high-grade conventional osteosarcoma},
  author={Mohseny, Alexander B and Cai, Yongping and Kuijjer, Marieke L and Xiao, Wei and van den Akker, Brendy E W M and de Andrea, Carlos E and Jacobs, Rutger and ten Dijke, Peter and Hogendoorn, Pancras C W and Cleton-Jansen, Anne-Marie},
  journal={European Journal of Cancer},
  volume={48},
  number={18},
  pages={3429--3438},
  year={2012},
  publisher={Elsevier}
}

@article{mohseny2012osteosarcomamodels,
  title={Osteosarcoma models: from cell lines to zebrafish},
  author={Mohseny, Alexander B and Hogendoorn, Pancras C W and Cleton-Jansen, Anne-Marie},
  journal={Sarcoma},
  volume={2012},
  pages={417271},
  year={2012},
  publisher={Hindawi Publishing Corporation}
}

@article{mohseny2012osteosarcomazebrafish,
  title={An osteosarcoma zebrafish model implicates Mmp-19 and Ets-1 as well as reduced host immune response in angiogenesis and migration},
  author={Mohseny, Alexander B and Xiao, Wei and Carvalho, Ralph and Spaink, Herman P and Hogendoorn, Pancras C W and Cleton-Jansen, Anne-Marie},
  journal={The Journal of Pathology},
  volume={227},
  number={2},
  pages={245--253},
  year={2012},
  publisher={Wiley Online Library}
}

@article{mosser2008exploring,
  title={Exploring the full spectrum of macrophage activation},
  author={Mosser, David M and Edwards, Justin P},
  journal={Nature Reviews Immunology},
  volume={8},
  number={12},
  pages={958--969},
  year={2008},
  publisher={Nature Publishing Group}
}

@article{mulvihill2009discovery,
  title={Discovery of OSI-906: a selective and orally efficacious dual inhibitor of the IGF-1 receptor and insulin receptor},
  author={Mulvihill, Mark J and Cooke, Andrew and Buck, Elizabeth and Foreman, Ken and Landfair, Darla and O'Connor, Matthew and Pirritt, Caroline and Sun, Yingchaun and Yao, Yan and Arnold, Lee D and others},
  journal={Future Medicinal Chemistry},
  volume={1},
  number={6},
  pages={1153--1171},
  year={2009},
  publisher={Future Science}
}

@article{musselman2012case,
  title={Case-parent analysis of variation in pubertal hormone genes and pediatric osteosarcoma: a Children's Oncology Group (COG) study},
  author={Musselman, Jessica R B and Bergemann, Tracy L and Ross, Julie A and Sklar, Charles and Silverstein, Kevin AT and Langer, Erica K and Savage, Sharon A and Nagarajan, Rajaram and Krailo, Mark and Malkin, David and others},
  journal={International Journal of Molecular Epidemiology and Genetics},
  volume={3},
  number={4},
  pages={286},
  year={2012},
  publisher={e-Century Publishing Corporation}
}

%%%%%%%%%%%%%%%%%%%%%%%% N %%%%%%%%%%%%%%%%%%%%%%%%
%
@article{namlos2012global,
  title={Global gene expression profiling of human osteosarcomas reveals metastasis-associated chemokine pattern},
  author={Naml{\o}s, Heidi M and Kresse, Stine H and M{\"u}ller, Christoph R and Henriksen, J{\o}rn and Holdhus, Rita and S{\ae}ter, Gunnar and Bruland, {\O}yvind S and Bjerkehagen, Bodil and Steen, Vidar M and Myklebost, Ola},
  journal={Sarcoma},
  volume={2012},
  pages={639038},
  year={2012},
  publisher={Hindawi Publishing Corporation}
}

@article{namlos2012modulation,
  title={Modulation of the Osteosarcoma Expression Phenotype by MicroRNAs},
  author={Naml{\o}s, Heidi M and Meza-Zepeda, Leonardo A and Bar{\o}y, Tale and {\O}stensen, Ingrid H G and Kresse, Stine H and Kuijjer, Marieke L and Serra, Massimo and B{\"u}rger, Horst and Cleton-Jansen, Anne-Marie and Myklebost, Ola},
  journal={PloS One},
  volume={7},
  number={10},
  pages={e48086},
  year={2012},
  publisher={Public Library of Science}
}

@article{nishijo2004mutation,
  title={Mutation analysis of the RECQL4 gene in sporadic osteosarcomas},
  author={Nishijo, Koichi and Nakayama, Tomitaka and Aoyama, Tomoki and Okamoto, Takeshi and Ishibe, Tatsuya and Yasura, Ko and Shima, Yasuko and Shibata, Kotaro R and Tsuboyama, Tadao and Nakamura, Takashi and others},
  journal={International Journal of Cancer},
  volume={111},
  number={3},
  pages={367--372},
  year={2004},
  publisher={Wiley Online Library}
}

%%%%%%%%%%%%%%%%%%%%%%%% O %%%%%%%%%%%%%%%%%%%%%%%%
%
@article{o2010copy,
  title={Copy neutral loss of heterozygosity: a novel chromosomal lesion in myeloid malignancies},
  author={O'Keefe, Christine and McDevitt, Michael A and Maciejewski, Jaroslaw P},
  journal={Blood},
  volume={115},
  number={14},
  pages={2731--2739},
  year={2010},
  publisher={American Society of Hematology}
}

@article{ochi2004prediction,
  title={Prediction of response to neoadjuvant chemotherapy for osteosarcoma by gene-expression profiles},
  author={Ochi, Kensuke and Daigo, Yataro and Katagiri, Toyomasa and Nagayama, Satoshi and Tsunoda, Tatuhiko and Myoui, Akira and Naka, Norifumi and Araki, Nobuto and Kudawara, Ikuo and Ieguchi, Makoto and others},
  journal={International Journal of Oncology},
  volume={24},
  number={3},
  pages={647--656},
  year={2004},
  publisher={Athens, Greece: Lychnia,[1992-}
}

@article{ojalvo2009high,
  title={High-density gene expression analysis of tumor-associated macrophages from mouse mammary tumors},
  author={Ojalvo, Laureen S and King, William and Cox, Dianne and Pollard, Jeffrey W},
  journal={The American Journal of Pathology},
  volume={174},
  number={3},
  pages={1048--1064},
  year={2009},
  publisher={Elsevier}
}

@article{oliphant2002beadarray,
  title={BeadArray technology: enabling an accurate, cost-effective approach to high-throughput genotyping},
  author={Oliphant, Arnold and Barker, David L and Stuelpnagel, John R and Chee, Mark S},
  journal={Biotechniques},
  volume={32},
  number={6},
  pages={56--58},
  year={2002}
}

@article{olmos2010biological,
  title={Biological rationale and current clinical experience with anti-insulin-like growth factor 1 receptor monoclonal antibodies in treating sarcoma: twenty years from the bench to the bedside},
  author={Olmos, David and Tan, Daniel S W and Jones, Robin L and Judson, Ian R},
  journal={The Cancer Journal},
  volume={16},
  number={3},
  pages={183--194},
  year={2010},
  publisher={LWW}
}

@article{olshen2004circular,
  title={Circular binary segmentation for the analysis of array-based DNA copy number data},
  author={Olshen, Adam B and Venkatraman, E S and Lucito, Robert and Wigler, Michael},
  journal={Biostatistics},
  volume={5},
  number={4},
  pages={557--572},
  year={2004},
  publisher={Biometrika Trust}
}

@misc{oosting2010beadarraysnp,
  title = {beadarraySNP: normalization and reporting of Illumina SNP bead arrays},
  author = {Oosting, J},
  howpublished = {Bioconductor. Available from: \url{www.bioconductor.org/packages/2.11/bioc/html/beadarraySNP.html}},
  year = {2010},
  note = {Accessed: 02/10/2013}
}

@article{oshlack2010rna,
  title={From RNA-seq reads to differential expression results},
  author={Oshlack, Alicia and Robinson, Mark D and Young, Matthew D},
  journal={Genome Biology},
  volume={11},
  number={12},
  pages={220},
  year={2010}
}

@article{ottaviano2010molecular,
  title={Molecular characterization of commonly used cell lines for bone tumor research: a trans-European EuroBoNet effort},
  author={Ottaviano, Laura and Schaefer, Karl-Ludwig and Gajewski, Melanie and Huckenbeck, Wolfgang and Baldus, Stefan and Rogel, Uwe and Mackintosh, Carlos and de Alava, Enrique and Myklebost, Ola and Kresse, Stine H and others},
  journal={Genes, Chromosomes and Cancer},
  volume={49},
  number={1},
  pages={40--51},
  year={2010},
  publisher={Wiley Online Library}
}

@article{overholtzer2003presence,
  title={The presence of p53 mutations in human osteosarcomas correlates with high levels of genomic instability},
  author={Overholtzer, Michael and Rao, Pulivarthi H and Favis, Reyna and Lu, Xin-Yan and Elowitz, Michael B and Barany, Francis and Ladanyi, Marc and Gorlick, Richard and Levine, Arnold J},
  journal={Proceedings of the National Academy of Sciences},
  volume={100},
  number={20},
  pages={11547--11552},
  year={2003},
  publisher={National Acad Sciences}
}

%%%%%%%%%%%%%%%%%%%%%%%% P %%%%%%%%%%%%%%%%%%%%%%%%
%
@article{pajor1998combined,
  title={Combined metaphase, interphase cytogenetic, and flow cytometric analysis of DNA content of pediatric acute lymphoblastic leukemia},
  author={Pajor, L and Szuhai, K and Mehes, G and Kosztolanyi, G and Jakso, P and Lendvai, G and Szanyi, I and Kajtar, P},
  journal={Cytometry},
  volume={34},
  number={2},
  pages={87--94},
  year={1998},
  publisher={Wiley Online Library}
}

@article{pakos2009prognostic,
  title={Prognostic factors and outcomes for osteosarcoma: an international collaboration},
  author={Pakos, Emilios E and Nearchou, Andreas D and Grimer, Robert J and Koumoullis, Haris D and Abudu, Adesegun and Bramer, Jos A M and Jeys, Lee M and Franchi, Alessandro and Scoccianti, Guido and Campanacci, Domenico and others},
  journal={European Journal of Cancer},
  volume={45},
  number={13},
  pages={2367--2375},
  year={2009},
  publisher={Elsevier}
}

@article{pansuriya2011genome,
  title={Genome-wide analysis of Ollier disease: is it all in the genes?},
  author={Pansuriya, Twinkal C and Oosting, Jan and Kren{\'a}cs, Tibor and Taminiau, A H and Verdegaal, S H and Sangiorgi, Luca and Sciot, Raf and Hogendoorn, P C W and Szuhai, Karoly and Bovee, J V M G and others},
  journal={Orphanet Journal of Rare Diseases},
  volume={6},
  number={2},
  year={2011}
}

@article{pappo2011r1507,
  title={R1507, a monoclonal antibody to the insulin-like growth factor 1 receptor, in patients with recurrent or refractory Ewing sarcoma family of tumors: results of a phase II Sarcoma Alliance for Research through Collaboration study},
  author={Pappo, Alberto S and Patel, Shreyaskumar R and Crowley, John and Reinke, Denise K and Kuenkele, Klaus-Peter and Chawla, Sant P and Toner, Guy C and Maki, Robert G and Meyers, Paul A and Chugh, Rashmi and others},
  journal={Journal of Clinical Oncology},
  volume={29},
  number={34},
  pages={4541--4547},
  year={2011},
  publisher={American Society of Clinical Oncology}
}

@article{pasic2010recurrent,
  title={Recurrent focal copy-number changes and loss of heterozygosity implicate two noncoding RNAs and one tumor suppressor gene at chromosome 3q13.31 in osteosarcoma},
  author={Pasic, Ivan and Shlien, Adam and Durbin, Adam D and Stavropoulos, Dimitrios J and Baskin, Berivan and Ray, Peter N and Novokmet, Ana and Malkin, David},
  journal={Cancer Research},
  volume={70},
  number={1},
  pages={160--171},
  year={2010},
  publisher={AACR}
}

@article{pollak2012insulin,
  title={The insulin and insulin-like growth factor receptor family in neoplasia: an update},
  author={Pollak, Michael},
  journal={Nature Reviews Cancer},
  volume={12},
  number={3},
  pages={159--169},
  year={2012},
  publisher={Nature Publishing Group}
}

@incollection{pruitt2002reference,
  author={Pruitt, K and Brown, G and Tatusova, T and Maglott, D},
  title={The Reference Sequence (RefSeq) database},
  editor={McEntyre, J and Ostell, J},
  booktitle={The NCBI handbook [internet]},
  publisher={National Center for Biotechnology Information},
  year={2002},
}

%%%%%%%%%%%%%%%%%%%%%%%% Q %%%%%%%%%%%%%%%%%%%%%%%%
%
@article{qian2010macrophage,
  title={Macrophage diversity enhances tumor progression and metastasis},
  author={Qian, Bin-Zhi and Pollard, Jeffrey W},
  journal={Cell},
  volume={141},
  number={1},
  pages={39--51},
  year={2010},
  publisher={Elsevier}
}

@article{quackenbush2006microarray,
  title={Microarray analysis and tumor classification},
  author={Quackenbush, John},
  journal={New England Journal of Medicine},
  volume={354},
  number={23},
  pages={2463--2472},
  year={2006},
  publisher={Mass Medical Soc}
}

@misc{qualitycontrol,
  title={Quality control assessment in Genotyping Console},
  author={Affymetrix},
  howpublished = {Available from: \url{www.affymetrix.com}}
}

@misc{quek2010combination,
  title={Combination mTOR+IGF-IR inhibition: phase I trial of everolimus and CP-751871 in patients (pts) with advanced sarcomas and other solid tumors},
  author={Quek, R H and Morgan, J A and Shapiro, G and Butrynski, J E and Wang, Q and Huftalen, T and Jederlinic, N and Wagner, A J and Demetri, G D and George, S},
  howpublished = {ASCO Annual Meeting 2010},
  note = {Abstract 10002}
  year={2010}
}

%%%%%%%%%%%%%%%%%%%%%%%% R %%%%%%%%%%%%%%%%%%%%%%%%
%
@book{r2.9.0,
  title={R: a language and environment for statistical computing, reference index version 2.9.0},
  author={R Development Core Team},
  year={2005},
  publisher={R Foundation for Statistical Computing}
}

@book{r2.10.0,
  title={R: a language and environment for statistical computing, reference index version 2.10.0},
  author={R Development Core Team},
  year={2005},
  publisher={R Foundation for Statistical Computing}
}

@book{r2.14.0,
  title={R: a language and environment for statistical computing, reference index version 2.14.0},
  author={R Development Core Team},
  year={2011},
  publisher={R Foundation for Statistical Computing}
}

@book{r2.15.0,
  title={R: a language and environment for statistical computing, reference index version 2.15.0},
  author={R Development Core Team},
  year={2011},
  publisher={R Foundation for Statistical Computing}
}

@misc{r2microarray,
  title = {R2: microarray analysis and visualization platform},
  howpublished = {\url{r2.amc.nl}}
}

@article{rasmussen2011allele,
  title={Allele-specific copy number analysis of tumor samples with aneuploidy and tumor heterogeneity},
  author={Rasmussen, Markus and Sundstr{\"o}m, Magnus and Kultima, Hanna G{\"o}ransson and Botling, Johan and Micke, Patrick and Birgisson, Helgi and Glimelius, Bengt and Isaksson, Anders and others},
  journal={Genome Biology},
  volume={12},
  number={10},
  pages={R108},
  year={2011},
  publisher={BioMed Central Ltd}
}

@incollection{raymond2002conventional,
  author={Raymond, A K and Ayala, A G and Knuutila, S},
  title={Conventional osteosarcoma},
  editor={Fletcher, CDM and Unni, KK and Mertens, F},
  booktitle={Pathology and genetics of tumours of soft tissue and bone},
  publisher={IARC Press},
  year={2002},
  pages={264--270}
}

@article{rhee2008use,
  title={Use and misuse of the gene ontology annotations},
  author={Rhee, Seung Yon and Wood, Valerie and Dolinski, Kara and Draghici, Sorin},
  journal={Nature Reviews Genetics},
  volume={9},
  number={7},
  pages={509--515},
  year={2008},
  publisher={Nature Publishing Group}
}

@article{rikhof2009insulin,
  title={The insulin-like growth factor system and sarcomas},
  author={Rikhof, Bart and de Jong, Steven and Suurmeijer, Albert J H and Meijer, Coby and van der Graaf, Winette T A},
  journal={The Journal of Pathology},
  volume={217},
  number={4},
  pages={469--482},
  year={2009},
  publisher={Wiley Online Library}
}

@article{ritchie2006empirical,
  title={Empirical array quality weights in the analysis of microarray data},
  author={Ritchie, Matthew E and Diyagama, Dileepa and Neilson, Jody and van Laar, Ryan and Dobrovic, Alexander and Holloway, Andrew and Smyth, Gordon K},
  journal={BMC Bioinformatics},
  volume={7},
  number={1},
  pages={261},
  year={2006},
  publisher={BioMed Central Ltd}
}

@article{rozeman2005absence,
  title={Absence of IHH and retention of PTHrP signalling in enchondromas and central chondrosarcomas},
  author={Rozeman, Leida B and Hameetman, Liesbeth and Cleton-Jansen, Anne-Marie and Taminiau, Anthonie H M and Hogendoorn, Pancras C W and Bov{\'e}e, Judith V M G},
  journal={The Journal of Pathology},
  volume={205},
  number={4},
  pages={476--482},
  year={2005},
  publisher={Wiley Online Library}
}

@article{rozeman2006pathology,
  title={Pathology of primary malignant bone and cartilage tumours},
  author={Rozeman, L B and Cleton-Jansen, A M and Hogendoorn, P C W},
  journal={International Orthopaedics},
  volume={30},
  number={6},
  pages={437--444},
  year={2006},
  publisher={Springer}
}

@article{ruther1989c,
  title={c-fos expression induces bone tumors in transgenic mice},
  author={R{\"u}ther, U and Komitowski, D and Schubert, F R and Wagner, E F},
  journal={Oncogene},
  volume={4},
  number={7},
  pages={861--865},
  year={1989}
}

%%%%%%%%%%%%%%%%%%%%%%%% S %%%%%%%%%%%%%%%%%%%%%%%%
%
@article{sadikovic2008vitro,
  title={In vitro analysis of integrated global high-resolution DNA methylation profiling with genomic imbalance and gene expression in osteosarcoma},
  author={Sadikovic, Bekim and Yoshimoto, Maisa and Al-Romaih, Khaldoun and Maire, Georges and Zielenska, Maria and Squire, Jeremy A},
  journal={PLoS One},
  volume={3},
  number={7},
  pages={e2834},
  year={2008},
  publisher={Public Library of Science}
}

@article{sadikovic2009identification,
  title={Identification of interactive networks of gene expression associated with osteosarcoma oncogenesis by integrated molecular profiling},
  author={Sadikovic, Bekim and Yoshimoto, Maisa and Chilton-MacNeill, Susan and Thorner, Paul and Squire, Jeremy A and Zielenska, Maria},
  journal={Human Molecular Genetics},
  volume={18},
  number={11},
  pages={1962--1975},
  year={2009},
  publisher={Oxford Univ Press}
}

@article{sagona2010ptdins,
  title={PtdIns(3)P controls cytokinesis through KIF13A-mediated recruitment of FYVE-CENT to the midbody},
  author={Sagona, Antonia P and Nezis, Ioannis P and Pedersen, Nina Marie and Liest{\o}l, Knut and Poulton, John and Rusten, Tor Erik and Skotheim, Rolf I and Raiborg, Camilla and Stenmark, Harald},
  journal={Nature Cell Biology},
  volume={12},
  number={4},
  pages={362--371},
  year={2010},
  publisher={Nature Publishing Group}
}

@article{salari2010dr,
  title={DR-Integrator: a new analytic tool for integrating DNA copy number and gene expression data},
  author={Salari, Keyan and Tibshirani, Robert and Pollack, Jonathan R},
  journal={Bioinformatics},
  volume={26},
  number={3},
  pages={414--416},
  year={2010},
  publisher={Oxford Univ Press}
}

@article{salas2009molecular,
  title={Molecular characterization of the response to chemotherapy in conventional osteosarcomas: predictive value of HSD17B10 and IFITM2},
  author={Salas, S{\'e}bastien and J{\'e}z{\'e}quel, Pascal and Campion, Loic and Deville, Jean-Laurent and Chibon, Fr{\'e}d{\'e}ric and Bartoli, Catherine and Gentet, Jean-Claude and Charbonnel, Catherine and Gouraud, Wilfried and Voutsinos-Porche, Brigitte and others},
  journal={International Journal of Cancer},
  volume={125},
  number={4},
  pages={851--860},
  year={2009},
  publisher={Wiley Online Library}
}

@article{sarver2010s,
  title={S-MED: sarcoma microRNA expression database},
  author={Sarver, Aaron L and Phalak, Rasik and Thayanithy, Venugopal and Subramanian, Subbaya},
  journal={Laboratory Investigation},
  volume={90},
  number={5},
  pages={753--761},
  year={2010},
  publisher={Nature Publishing Group}
}

@article{schaeffer2010insulin,
  title={Insulin-like growth factor 2 mRNA binding protein 3 (IGF2BP3) overexpression in pancreatic ductal adenocarcinoma correlates with poor survival},
  author={Schaeffer, David F and Owen, Daniel R and Lim, Howard J and Buczkowski, Andrew K and Chung, Stephen W and Scudamore, Charles H and Huntsman, David G and Ng, Sylvia S W and Owen, David A},
  journal={BMC Cancer},
  volume={10},
  number={1},
  pages={59},
  year={2010},
  publisher={BioMed Central Ltd}
}

@article{scharla19931,
  title={1,25-Dihydroxyvitamin D3 increases secretion of insulin-like growth factor binding protein-4 (IGFBP-4) by human osteoblast-like cells in vitro and elevates IGFBP-4 serum levels in vivo},
  author={Scharla, S H and Strong, D D and Rosen, C and Mohan, S and Holick, M and Baylink, D J and Linkhart, T A},
  journal={Journal of Clinical Endocrinology \& Metabolism},
  volume={77},
  number={5},
  pages={1190--1197},
  year={1993},
  publisher={Endocrine Soc}
}

@article{schmid2010comparison,
  title={Comparison of normalization methods for Illumina BeadChip HumanHT-12 v3},
  author={Schmid, Ramona and Baum, Patrick and Ittrich, Carina and Fundel-Clemens, Katrin and Huber, Wolfgang and Brors, Benedikt and Eils, Roland and Weith, Andreas and Mennerich, Detlev and Quast, Karsten},
  journal={BMC Genomics},
  volume={11},
  number={1},
  pages={349},
  year={2010},
  publisher={BioMed Central Ltd}
}

@article{schrage2009kinome,
  title={Kinome profiling of chondrosarcoma reveals SRC-pathway activity and dasatinib as option for treatment},
  author={Schrage, Yvonne M and Briaire-de Bruijn, Inge H and de Miranda, Noel F C C and van Oosterwijk, Jolieke G and Taminiau, Antonie H M and van Wezel, Tom and Hogendoorn, Pancras C W and Bov{\'e}e, Judith V M G},
  journal={Cancer Research},
  volume={69},
  number={15},
  pages={6216--6222},
  year={2009},
  publisher={AACR}
}

@article{selvarajah2010prognostic,
  title={Prognostic and predictive biomarkers of canine osteosarcoma},
  author={Selvarajah, Gayathri Thevi and Kirpensteijn, Jolle},
  journal={The Veterinary Journal},
  volume={185},
  number={1},
  pages={28--35},
  year={2010},
  publisher={Elsevier}
}

@article{shiozawa2010gas6,
  title={GAS6/AXL axis regulates prostate cancer invasion, proliferation, and survival in the bone marrow niche},
  author={Shiozawa, Yusuke and Pedersen, Elisabeth A and Patel, Lalit R and Ziegler, Anne M and Havens, Aaron M and Jung, Younghun and Wang, Jingcheng and Zalucha, Stephanie and Loberg, Robert D and Pienta, Kenneth J and others},
  journal={Neoplasia},
  volume={12},
  number={2},
  pages={116--127},
  year={2010},
  publisher={Neoplasia Press}
}

@article{sica2008macrophage,
  title={Macrophage polarization in tumour progression},
  author={Sica, Antonio and Larghi, Paola and Mancino, Alessandra and Rubino, Luca and Porta, Chiara and Totaro, Maria Grazia and Rimoldi, Monica and Biswas, Subhra Kumar and Allavena, Paola and Mantovani, Alberto},
  journal={Seminars in Cancer Biology},
  volume={18},
  number={5},
  pages={349--355},
  year={2008},
  publisher={Elsevier}
}

@article{siddle2012molecular,
  title={Molecular basis of signaling specificity of insulin and IGF receptors: neglected corners and recent advances},
  author={Siddle, Kenneth},
  journal={Frontiers in Endocrinology},
  volume={3},
  pages={34},
  year={2012},
  publisher={Frontiers Media SA}
}

@article{siddle2011signalling,
  title={Signalling by insulin and IGF receptors: supporting acts and new players},
  author={Siddle, Kenneth},
  journal={Journal of Molecular Endocrinology},
  volume={47},
  number={1},
  pages={R1--R10},
  year={2011},
  publisher={Soc Endocrinology}
}

@article{simon2003pitfalls,
  title={Pitfalls in the use of DNA microarray data for diagnostic and prognostic classification},
  author={Simon, Richard and Radmacher, Michael D and Dobbin, Kevin and McShane, Lisa M},
  journal={Journal of the National Cancer Institute},
  volume={95},
  number={1},
  pages={14--18},
  year={2003},
  publisher={Oxford University Press}
}

@article{sinha2005reduction,
  title={Reduction of myeloid-derived suppressor cells and induction of M1 macrophages facilitate the rejection of established metastatic disease},
  author={Sinha, Pratima and Clements, Virginia K and Ostrand-Rosenberg, Suzanne},
  journal={The Journal of Immunology},
  volume={174},
  number={2},
  pages={636--645},
  year={2005},
  publisher={Am Assoc Immnol}
}

@article{smida2010genomic,
  title={Genomic alterations and allelic imbalances are strong prognostic predictors in osteosarcoma},
  author={Smida, Jan and Baumhoer, Daniel and Rosemann, Michael and Walch, Axel and Bielack, Stefan and Poremba, Christopher and Remberger, Klaus and Korsching, Eberhard and Scheurlen, Wolfram and Dierkes, Christian and others},
  journal={Clinical Cancer Research},
  volume={16},
  number={16},
  pages={4256--4267},
  year={2010},
  publisher={AACR}
}

@article{smith2010identification,
  title={Identification and correction of previously unreported spatial phenomena using raw Illumina BeadArray data},
  author={Smith, Mike L and Dunning, Mark J and Tavar{\'e}, Simon and Lynch, Andy G},
  journal={BMC Bioinformatics},
  volume={11},
  number={1},
  pages={208},
  year={2010},
  publisher={BioMed Central Ltd}
}

@article{smyth2004linear,
  title={Linear models and empirical bayes methods for assessing differential expression in microarray experiments},
  author={Smyth, Gordon K},
  journal={Statistical Applications in Genetics and Molecular Biology},
  volume={3},
  number={1},
  pages={3},
  year={2004}
}

@article{soneson2010integrative,
  title={Integrative analysis of gene expression and copy number alterations using canonical correlation analysis},
  author={Soneson, Charlotte and Lilljebj{\"o}rn, Henrik and Fioretos, Thoas and Fontes, Magnus},
  journal={BMC Bioinformatics},
  volume={11},
  number={1},
  pages={191},
  year={2010},
  publisher={BioMed Central Ltd}
}

@article{squire2003high,
  title={High-resolution mapping of amplifications and deletions in pediatric osteosarcoma by use of CGH analysis of cDNA microarrays},
  author={Squire, Jeremy A and Pei, Jianming and Marrano, Paula and Beheshti, Ben and Bayani, Jane and Lim, Gloria and Moldovan, Laura and Zielenska, Maria},
  journal={Genes, Chromosomes and Cancer},
  volume={38},
  number={3},
  pages={215--225},
  year={2003},
  publisher={Wiley Online Library}
}

@article{stephens2011massive,
  title={Massive genomic rearrangement acquired in a single catastrophic event during cancer development},
  author={Stephens, Philip J and Greenman, Chris D and Fu, Beiyuan and Yang, Fengtang and Bignell, Graham R and Mudie, Laura J and Pleasance, Erin D and Lau, King Wai and Beare, David and Stebbings, Lucy A and others},
  journal={Cell},
  volume={144},
  number={1},
  pages={27--40},
  year={2011},
  publisher={Elsevier}
}

@article{su2011insulin,
  title={Insulin-like growth factor binding protein 5 suppresses tumor growth and metastasis of human osteosarcoma},
  author={Su, Y and Wagner, E R and Luo, Q and Huang, J and Chen, L and He, BC and Zuo, G W and Shi, Q and Zhang, B Q and Zhu, G and others},
  journal={Oncogene},
  volume={30},
  number={37},
  pages={3907--3917},
  year={2011},
  publisher={Nature Publishing Group}
}

@article{subbiah2010targeted,
  title={Targeted therapy of Ewing's sarcoma},
  author={Subbiah, Vivek and Anderson, Pete},
  journal={Sarcoma},
  volume={2011},
  pages={686985},
  year={2010},
  publisher={Hindawi Publishing Corporation}
}

@article{subramanian2005gene,
  title={Gene set enrichment analysis: a knowledge-based approach for interpreting genome-wide expression profiles},
  author={Subramanian, Aravind and Tamayo, Pablo and Mootha, Vamsi K and Mukherjee, Sayan and Ebert, Benjamin L and Gillette, Michael A and Paulovich, Amanda and Pomeroy, Scott L and Golub, Todd R and Lander, Eric S and others},
  journal={Proceedings of the National Academy of Sciences},
  volume={102},
  number={43},
  pages={15545--15550},
  year={2005},
  publisher={National Acad Sciences}
}

@article{sutter2007single,
  title={A single IGF1 allele is a major determinant of small size in dogs},
  author={Sutter, Nathan B and Bustamante, Carlos D and Chase, Kevin and Gray, Melissa M and Zhao, Keyan and Zhu, Lan and Padhukasahasram, Badri and Karlins, Eric and Davis, Sean and Jones, Paul G and others},
  journal={Science Signalling},
  volume={316},
  number={5821},
  pages={112},
  year={2007},
  publisher={AAAS}
}

@article{suvasini2011insulin,
  title={Insulin growth factor-2 binding protein 3 (IGF2BP3) is a glioblastoma-specific marker that activates phosphatidylinositol 3-kinase/mitogen-activated protein kinase (PI3K/MAPK) pathways by modulating IGF-2},
  author={Suvasini, Ramaswamy and Shruti, Bhargava and Thota, Balaram and Shinde, Sridevi Vijay and Friedmann-Morvinski, Dinorah and Nawaz, Zahid and Prasanna, Krishnarao Venkatesh and Thennarasu, Kandavel and Hegde, Alangar Sathyaranjandas and Arivazhagan, Arimappamagan and others},
  journal={Journal of Biological Chemistry},
  volume={286},
  number={29},
  pages={25882--25890},
  year={2011},
  publisher={ASBMB}
}

@article{suzuki2006pvclust,
  title={Pvclust: an R package for assessing the uncertainty in hierarchical clustering},
  author={Suzuki, Ryota and Shimodaira, Hidetoshi},
  journal={Bioinformatics},
  volume={22},
  number={12},
  pages={1540--1542},
  year={2006},
  publisher={Oxford Univ Press}
}

@article{szuhai2000simultaneous,
  title={Simultaneous molecular karyotyping and mapping of viral DNA integration sites by 25-color COBRA-FISH},
  author={Szuhai, K{\'a}roly and Bezrookove, Vladimir and Wiegant, Joop and Vrolijk, Johannes and Dirks, Roeland W and Rosenberg, Carla and Raap, Anton K and Tanke, Hans J},
  journal={Genes, Chromosomes and Cancer},
  volume={28},
  number={1},
  pages={92--97},
  year={2000},
  publisher={Wiley Online Library}
}

@article{szuhai2012molecular,
  title={Molecular pathology and its diagnostic use in bone tumors},
  author={Szuhai, Karoly and Cleton-Jansen, Anne-Marie and Hogendoorn, Pancras C W and Bov{\'e}e, Judith V M G},
  journal={Cancer Genetics},
  volume={205},
  number={5},
  pages={193--204},
  year={2012},
  publisher={Elsevier}
}

%%%%%%%%%%%%%%%%%%%%%%%% T %%%%%%%%%%%%%%%%%%%%%%%%
%
@article{tang2012glycogen,
  title={Glycogen synthase kinase-3$\beta$, NF-$\kappa$B signaling, and tumorigenesis of human osteosarcoma},
  author={Tang, Qing-Lian and Xie, Xian-Biao and Wang, Jin and Chen, Qiong and Han, An-Jia and Zou, Chang-Ye and Yin, Jun-Qiang and Liu, Da-Wei and Liang, Yi and Zhao, Zhi-Qiang and others},
  journal={Journal of the National Cancer Institute},
  volume={104},
  number={10},
  pages={749--763},
  year={2012},
  publisher={Oxford University Press}
}

@article{tap2012phase,
  title={Phase II study of ganitumab, a fully human anti--type-1 insulin-like growth factor receptor antibody, in patients with metastatic ewing family tumors or desmoplastic small round cell tumors},
  author={Tap, William D and Demetri, George and Barnette, Phillip and Desai, Jayesh and Kavan, Petr and Tozer, Richard and Benedetto, Pasquale W and Friberg, Gregory and Deng, Hongjie and McCaffery, Ian and others},
  journal={Journal of Clinical Oncology},
  volume={30},
  number={15},
  pages={1849--1856},
  year={2012},
  publisher={American Society of Clinical Oncology}
}

@article{thomas2003role,
  title={Role of the retinoblastoma protein in differentiation and senescence},
  author={Thomas, David M and Yang, Hai-Su and Alexander, Kamilah and Hinds, Philip W},
  journal={Cancer Biology \& Therapy},
  volume={2},
  number={2},
  pages={123--129},
  year={2003},
  publisher={Landes Bioscience}
}

@article{tibshirani2002diagnosis,
  title={Diagnosis of multiple cancer types by shrunken centroids of gene expression},
  author={Tibshirani, Robert and Hastie, Trevor and Narasimhan, Balasubramanian and Chu, Gilbert},
  journal={Proceedings of the National Academy of Sciences},
  volume={99},
  number={10},
  pages={6567--6572},
  year={2002},
  publisher={National Acad Sciences}
}

@article{tokuda2007casein,
  title={Casein kinase 2--interacting protein-1, a novel Akt pleckstrin homology domain-interacting protein, down-regulates PI3K/Akt signaling and suppresses tumor growth in vivo},
  author={Tokuda, Emi and Fujita, Naoya and Oh-hara, Tomoko and Sato, Shigeo and Kurata, Atsuo and Katayama, Ryohei and Itoh, Toshiki and Takenawa, Tadaomi and Miyazono, Kohei and Tsuruo, Takashi},
  journal={Cancer Research},
  volume={67},
  number={20},
  pages={9666--9676},
  year={2007},
  publisher={AACR}
}

@article{tolar2006sarcoma,
  title={Sarcoma derived from cultured mesenchymal stem cells},
  author={Tolar, Jakub and Nauta, Alma J and Osborn, Mark J and Panoskaltsis Mortari, Angela and McElmurry, Ron T and Bell, Scott and Xia, Lily and Zhou, Ning and Riddle, Megan and Schroeder, Tania M and others},
  journal={Stem Cells},
  volume={25},
  number={2},
  pages={371--379},
  year={2006},
  publisher={Wiley Online Library}
}

@article{tusher2001significance,
  title={Significance analysis of microarrays applied to the ionizing radiation response},
  author={Tusher, Virginia Goss and Tibshirani, Robert and Chu, Gilbert},
  journal={Proceedings of the National Academy of Sciences},
  volume={98},
  number={9},
  pages={5116--5121},
  year={2001},
  publisher={National Acad Sciences}
}

%%%%%%%%%%%%%%%%%%%%%%%% U %%%%%%%%%%%%%%%%%%%%%%%%
%
% or authors: UniProt Consortium
@article{apweiler2011ongoing,
  title={Ongoing and future developments at the Universal Protein Resource},
  author={Apweiler, R and Martin, M J and O'Donovan, C and Magrane, M and Alam-Faruque, Y and Antunes, R and Barrell, D and Bely, B and Bingley, M and Binns, D and others},
  journal={Nucleic Acids Research},
  volume={39},
  pages={D214--D219},
  year={2011}
}

%%%%%%%%%%%%%%%%%%%%%%%% V %%%%%%%%%%%%%%%%%%%%%%%%
%
@article{vakana2012targeting,
  title={Targeting AMPK in the treatment of malignancies},
  author={Vakana, Eliza and Altman, Jessica K and Platanias, Leonidas C},
  journal={Journal of Cellular Biochemistry},
  volume={113},
  number={2},
  pages={404--409},
  year={2012},
  publisher={Wiley Online Library}
}

@article{van2009anti,
  title={Anti-inflammatory M2 type macrophages characterize metastasized and tyrosine kinase inhibitor-treated gastrointestinal stromal tumors},
  author={van Dongen, Minka and Savage, Nigel D L and Jordanova, Ekaterina S and Briaire-de Bruijn, Inge H and Walburg, Kimberley V and Ottenhoff, Tom H M and Hogendoorn, Pancras C W and van der Burg, Sjoerd H and Gelderblom, Hans and van Hall, Thorbald},
  journal={International Journal of Cancer},
  volume={127},
  number={4},
  pages={899--909},
  year={2009},
  publisher={Wiley Online Library}
}

@article{van2009relative,
  title={Relative power and sample size analysis on gene expression profiling data},
  author={van Iterson, M and Pedotti, P and Hooiveld, G J E J and den Dunnen, J T and van Ommen, G J B and Boer, J M and Menezes, R X},
  journal={BMC Genomics},
  volume={10},
  number={1},
  pages={439},
  year={2009},
  publisher={BioMed Central Ltd}
}

@article{vaske2010inference,
  title={Inference of patient-specific pathway activities from multi-dimensional cancer genomics data using PARADIGM},
  author={Vaske, Charles J and Benz, Stephen C and Sanborn, J Zachary and Earl, Dent and Szeto, Christopher and Zhu, Jingchun and Haussler, David and Stuart, Joshua M},
  journal={Bioinformatics},
  volume={26},
  number={12},
  pages={i237--i245},
  year={2010},
  publisher={Oxford Univ Press}
}

@article{vijayakumar2011high,
  title={High-frequency canonical Wnt activation in multiple sarcoma subtypes drives proliferation through a TCF/$\beta$-catenin target gene, CDC25A},
  author={Vijayakumar, Sapna and Liu, Guizhong and Rus, Ioana A and Yao, Shen and Chen, Yan and Akiri, Gal and Grumolato, Luca and Aaronson, Stuart A},
  journal={Cancer Cell},
  volume={19},
  number={5},
  pages={601--612},
  year={2011},
  publisher={Elsevier}
}

@article{visser2010lats,
  title={LATS tumor suppressor: a new governor of cellular homeostasis},
  author={Visser, Stacy and Yang, Xiaolong},
  journal={Cell Cycle},
  volume={9},
  number={19},
  pages={3892--3903},
  year={2010},
  publisher={Landes Bioscience}
}

@article{volodko1998tumour,
  title={Tumour-associated macrophages in breast cancer and their prognostic correlations},
  author={Volodko, N and Reiner, A and Rudas, M and Jakesz, R},
  journal={The Breast},
  volume={7},
  number={2},
  pages={99--105},
  year={1998},
  publisher={Elsevier}
}

%%%%%%%%%%%%%%%%%%%%%%%% W %%%%%%%%%%%%%%%%%%%%%%%%
%
@article{wachtel2010targets,
  title={Targets for cancer therapy in childhood sarcomas},
  author={Wachtel, Marco and Sch{\"a}fer, Beat W},
  journal={Cancer Treatment Reviews},
  volume={36},
  number={4},
  pages={318--327},
  year={2010},
  publisher={Elsevier}
}

@article{walkley2008conditional,
  title={Conditional mouse osteosarcoma, dependent on p53 loss and potentiated by loss of Rb, mimics the human disease},
  author={Walkley, Carl R and Qudsi, Rameez and Sankaran, Vijay G and Perry, Jennifer A and Gostissa, Monica and Roth, Sanford I and Rodda, Stephen J and Snay, Erin and Dunning, Patricia and Fahey, Frederic H and others},
  journal={Genes \& Development},
  volume={22},
  number={12},
  pages={1662--1676},
  year={2008},
  publisher={Cold Spring Harbor Lab}
}

@article{walters2008identification,
  title={Identification of potential chemoresistance genes in osteosarcoma},
  author={Walters, Denise Katherine and Steinmann, Patrick and Langsam, Bettina and Schmutz, Silvia and Born, Walter and Fuchs, Bruno},
  journal={Anticancer Research},
  volume={28},
  number={2A},
  pages={673--679},
  year={2008},
  publisher={International Institute of Anticancer Research}
}

@book{weinberg2007biology,
  title={The Biology of Cancer},
  author={Weinberg, Robert Allan},
  volume={255},
  year={2007},
  publisher={Garland Science, New York}
}

@incollection{weinberg2007cells,
  title={The cells forming cancer cell lines develop without heterotypic interactions and deviate from the behavior of cells within human tumors},
  booktitle={The Biology of Cancer},
  author={Weinberg, Robert Allan},
  volume={255},
  year={2007},
  publisher={Garland Science},
  pages={536--537}
}

@misc{weisstein2006bonferroni,
  title={Bonferroni correction. From MathWorld---a Wolfram web resource},
  author={Weisstein, Eric W},
  year={2006},
  howpublished = {Available from: \url{mathworld.wolfram.com/BonferroniCorrection.html}},
  note = {Accessed: 02/10/2013}
}

@article{willems2010kinome,
  title={Kinome profiling of myxoid liposarcoma reveals NF-kappaB-pathway kinase activity and Casein Kinase II inhibition as a potential treatment option},
  author={Willems, Stefan M and Schrage, Yvonne M and Briaire-de Bruijn, Inge H and Szuhai, Karoly and Hogendoorn, Pancras C W and Bov{\'e}e, J V M G},
  journal={Molecular Cancer},
  volume={9},
  number={1},
  pages={257},
  year={2010},
  publisher={BioMed Central Ltd}
}

@article{wood2007classification,
  title={Classification based upon gene expression data: bias and precision of error rates},
  author={Wood, Ian A and Visscher, Peter M and Mengersen, Kerrie L},
  journal={Bioinformatics},
  volume={23},
  number={11},
  pages={1363--1370},
  year={2007},
  publisher={Oxford Univ Press}
}

%%%%%%%%%%%%%%%%%%%%%%%% X %%%%%%%%%%%%%%%%%%%%%%%%
%
%%%%%%%%%%%%%%%%%%%%%%%% Y %%%%%%%%%%%%%%%%%%%%%%%%
%
@article{yang1999isolation,
  title={Isolation of Ku70-binding proteins (KUBs)},
  author={Yang, Chin-Rang and Yeh, Shuyuan and Leskov, Konstantin and Odegaard, Eric and Hsu, Hsin-Ling and Chang, Chawnshang and Kinsella, Timothy J and Chen, David J and Boothman, David A},
  journal={Nucleic Acids Research},
  volume={27},
  number={10},
  pages={2165--2174},
  year={1999},
  publisher={Oxford Univ Press}
}

@article{yang2011genetic,
  title={Genetic amplification of the vascular endothelial growth factor (VEGF) pathway genes, including VEGFA, in human osteosarcoma},
  author={Yang, Jilong and Yang, Da and Sun, Yan and Sun, Baocun and Wang, Guowen and Trent, Jonathan C and Araujo, Dejka M and Chen, Kexin and Zhang, Wei},
  journal={Cancer},
  volume={117},
  number={21},
  pages={4925--4938},
  year={2011},
  publisher={Wiley Online Library}
}

@article{yates2012evolution,
  title={Evolution of the cancer genome},
  author={Yates, Lucy R and Campbell, Peter J},
  journal={Nature Reviews Genetics},
  volume={13},
  number={11},
  pages={795--806},
  year={2012},
  publisher={Nature Publishing Group}
}

@article{yen2009identification,
  title={Identification of chromosomal aberrations associated with disease progression and a novel 3q13.31 deletion involving LSAMP gene in osteosarcoma},
  author={Yen, Chueh-Chuan and Chen, Wei-Ming and Chen, Tain-Hsiung and Chen, Winby York-Kwan and Chen, Paul Chih-Hsueh and Chiou, Hong-Jen and Hung, Giun-Yi and Wu, Hung-Ta Hondar and Wei, Chao-Jung and Shiau, Cheng-Ying and others},
  journal={International Journal of Oncology},
  volume={35},
  number={4},
  pages={775--788},
  year={2009},
  publisher={Editorial Academy of the International Journal of Oncology}
}

%%%%%%%%%%%%%%%%%%%%%%%% Z %%%%%%%%%%%%%%%%%%%%%%%%
%
@article{zhou2010clld7,
  title={Clld7, a candidate tumor suppressor on chromosome 13q14, regulates pathways of DNA damage/repair and apoptosis},
  author={Zhou, Xiaobo and M{\"u}nger, Karl},
  journal={Cancer Research},
  volume={70},
  number={22},
  pages={9434--9443},
  year={2010},
  publisher={AACR}
}

@article{zitvogel2008immunological,
  title={Immunological aspects of cancer chemotherapy},
  author={Zitvogel, Laurence and Apetoh, Lionel and Ghiringhelli, Fran{\c{c}}ois and Kroemer, Guido},
  journal={Nature Reviews Immunology},
  volume={8},
  number={1},
  pages={59--73},
  year={2008},
  publisher={Nature Publishing Group}
}